1848 3122
1043 296 1101 338 96

461 430 562 472 nihil
587 438 670 484 est,
698 438 740 472 et
765 431 898 472 omnia
922 431 964 471 in
985 428 1155 472 nihilum
1181 430 1352 487 redigit,
1374 429 1476 473 nulli
1499 442 1570 473 nos
1591 429 1674 473 for-

461 514 582 549 tunae
610 504 744 548 tradit.
803 504 907 547 Mala
929 505 1035 547 enim
1057 505 1241 563 bonaque
1268 507 1371 549 circa
1393 507 1565 565 aliquam
1585 520 1676 548 ver-

461 588 600 624 santur
625 580 842 622 materiam.
880 582 967 624 Non
990 588 1122 638 potest
1145 582 1186 622 id
1209 580 1367 622 fortuna
1390 589 1544 637 tenere,
1566 581 1676 640 quod

459 665 600 700 natura
623 657 790 700 dimisit:
826 671 901 700 nec
919 666 1051 715 potest
1076 658 1193 700 miser
1214 670 1320 711 esse,
1350 658 1422 714 qui
1447 659 1582 702 nullus
1602 665 1675 701 aet.

463 733 504 776 5.
544 734 717 778 Excessit
743 733 851 776 filius
886 741 980 776 tuus
1010 733 1216 788 terminos,
1245 734 1348 776 intra
1367 748 1468 790 quos
1494 735 1677 777 servitur.

459 810 623 867 Excepit
655 810 770 853 illum
793 824 935 866 magna
957 817 998 852 et
1020 818 1178 852 aeterna
1202 825 1299 867 pax:
1327 825 1407 853 non
1432 810 1678 867 paupertatis

458 893 594 941 metu,
610 901 691 929 non
713 886 940 929 divitiarum
963 901 1057 929 cura
1070 918 1082 940 ,
1106 901 1187 929 non
1207 886 1380 930 libidinis
1404 900 1476 944 per
1494 886 1680 943 volupta-

461 971 545 1005 tem
571 964 721 1006 animos
744 964 941 1020 carpentis
968 963 1138 1005 stimulis
1166 964 1397 1016 incessitur,
1433 977 1513 1005 non
1535 962 1681 1005 invidia

462 1038 661 1083 felicitatis
698 1040 847 1082 alienae
884 1040 1082 1096 tangitur,
1119 1053 1193 1082 nec
1225 1053 1318 1083 suae
1350 1039 1569 1097 premitur,
1606 1051 1682 1081 nec

461 1116 645 1157 conviciis
682 1116 844 1171 quidem
876 1116 967 1157 ullis
998 1116 1243 1157 verecundae
1268 1129 1382 1157 aures
1404 1116 1679 1157 verberantur:

458 1190 572 1234 nulla
599 1190 768 1249 'publica
802 1190 935 1233 clades
968 1190 1232 1247 prospicitur,
1261 1190 1371 1232 nulla
1397 1191 1548 1247 privata
1562 1178 1578 1232 ε’
1600 1204 1682 1233 non

458 1267 635 1310 solicitus
662 1266 789 1310 futuri
811 1266 963 1324 pendet
984 1279 1031 1307 ex
1054 1273 1221 1319 eventu,
1242 1279 1400 1322 semper
1426 1266 1469 1307 in
1486 1266 1680 1308 deteriora
1707 1304 1713 1314 ,

501 1447 551 1483 In
560 1446 731 1482 deteriora
740 1443 958 1493 dependenti.
970 1442 1051 1479 Era-

458 1509 526 1545 smi
555 1508 645 1544 haec
666 1507 793 1551 lectio,
818 1517 929 1554 quam
948 1505 1053 1541 Ruk-

457 1569 706 1618 kopfiusLips'ii
712 1569 944 1616 conjecturae
951 1578 1051 1614 prae-

460 1632 548 1675 fert,
573 1631 639 1677 qui
668 1643 690 1665 e
720 1630 854 1665 codicis
875 1629 1054 1663 lectione:

461 1692 652 1727 incertiora
682 1688 889 1737 dependenti
908 1686 1055 1733 conjicit

460 1753 652 1787 incertiora
683 1750 897 1797 rependenti.
951 1748 1052 1782 Prae-

458 1811 530 1848 fert
551 1816 672 1847 autem
686 1809 910 1856 Ruhkopfius
930 1808 1052 1854 vulga-

461 1879 550 1918 tam,
576 1872 792 1919 »quoniarm
822 1875 865 1905 ut
885 1870 953 1913 ait,
979 1869 1053 1904 vita

460 1939 668 1981 »tamquam
697 1932 825 1967 misera
852 1931 1051 1978 pingitur.'’

460 1995 548 2031 Mihi
567 1994 678 2041 Lipsii
704 1993 913 2040 conjectura
934 1994 1053 2028 incer-

459 2059 553 2094 tiora
582 2056 785 2105 rependenti
818 2055 927 2090 unice
958 2053 1052 2089 exci-

459 2119 594 2167 pienda
608 2118 764 2154 videtur.
813 2117 903 2152 Nam
924 2127 1053 2151 verum

462 2192 537 2216 non
566 2185 618 2215 est
643 2192 698 2214 ree
717 2190 850 2225 semper
872 2178 1054 2213 deteriore-5

453 2242 561 2290 fier-2⁸3
592 2240 668 2277 sive
695 2242 737 2276 in
766 2240 937 2275 deteriora
957 2239 1054 2275 deci-

464 2305 553 2339 dere.
613 2304 685 2338 Hoc
726 2304 755 2337 si
787 2313 915 2337 verum
945 2307 1054 2346 esset,

463 2376 572 2401 nemo
595 2377 637 2399 ea·
656 2371 780 2399 eventu
791 2363 958 2411 penderet
979 2364 1003 2399 i.
1022 2375 1054 2399 e.

463 2428 625 2463 incertus
657 2430 746 2461 esset
777 2437 835 2460 res
863 2424 957 2460 bene
983 2437 1056 2461 ma-

464 2489 549 2525 lene
580 2499 741 2524 cessurae
771 2491 906 2531 essent,
942 2498 1056 2534 quum

1091 1447 1175 1479 ante
1189 1443 1268 1490 jam
1285 1449 1456 1481 eventum
1475 1445 1612 1481 malum
1630 1444 1682 1481 so-

1090 1517 1131 1541 re
1171 1506 1290 1543 sciret.
1359 1507 1453 1542 Nam
1494 1514 1590 1543 certa
1625 1518 1683 1542 ex-

1090 1575 1317 1616 spectantur;
1363 1569 1473 1604 dubia
1519 1575 1683 1604 metuan-

1091 1635 1170 1671 tur,
1195 1634 1237 1662 ut
1259 1630 1310 1663 ait
1328 1634 1469 1673 noster,
1492 1630 1556 1675 Ep.
1581 1630 1681 1665 XXX.

1091 1686 1117 1736 §
1137 1687 1173 1723 9.
1223 1688 1341 1731 Quum
1369 1700 1454 1724 vero
1482 1690 1557 1736 ipse
1576 1701 1683 1725 even-

1092 1754 1149 1783 tus
1180 1749 1427 1794 compluribus
1460 1751 1568 1785 rebus
1592 1751 1685 1797 jun-

1091 1814 1169 1845 ctus
1200 1809 1268 1854 sit,
1300 1809 1447 1856 ‹quihus
1477 1822 1542 1846 nos
1573 1811 1683 1846 etiam

1091 1871 1301 1906 incertiores
1334 1871 1461 1916 fimus,
1503 1872 1549 1907 de
1578 1872 1684 1908 futu-

1091 1944 1133 1967 ro
1172 1932 1308 1978 optime
1342 1931 1416 1967 dici
1452 1944 1552 1979 posse
1588 1928 1683 1968 1i1ihi

1092 1993 1256 2029 videtur:
1292 1985 1450 2029 eventus'
1468 2006 1600 2042 semper
1627 1996 1683 2030 in-

1092 2057 1241 2091 certiora
1277 2055 1478 2104 rependens.
1527 2057 1683 2092 Pendere

1092 2122 1214 2153 autem
1263 2117 1462 2164 significare
1510 2118 1683 2154 incertum

1093 2192 1165 2214 esse
1184 2179 1406 2214 notissimum
1418 2183 1483 2214 est.
1497 2178 1605 2214 Ludit
1613 2180 1684 2216 hoc

1094 2240 1205 2276 verbo
1216 2240 1348 2276 Seneca
1358 2239 1421 2287 Ep.
1433 2239 1578 2276 LXXIV.
1588 2240 1614 2289 §
1628 2241 1685 2277 10.

1097 2303 1306 2338 Secedamus
1328 2303 1448 2347 itaque
1468 2302 1512 2336 ab
1533 2304 1614 2338 istis
1636 2305 1688 2339 lu-

1095 2365 1151 2399 dis
1159 2391 1169 2409 ,
1181 2371 1215 2399 et
1224 2364 1344 2399 demus
1353 2353 1550 2409 raptoribus
1561 2365 1686 2401 locum.

1095 2426 1162 2461 Illi
1181 2430 1334 2473 spectent
1349 2423 1439 2459 hona
1450 2426 1520 2461 ista
1533 2427 1687 2474 penden-

1098 2488 1167 2532 tia,
1192 2493 1226 2520 et
1251 2485 1325 2532 ipsi
1352 2488 1464 2534 maqis
1474 2488 1662 2535 pendeant.
