1848 3122
754 287 837 331 103

184 419 369 471 convolvi·
394 425 560 464 constat.
632 416 827 478 Computa
861 419 1023 464 urbium
1055 419 1213 475 secula,
1249 419 1400 472 videbis

186 513 309 557 quam
341 512 421 541 non
457 497 528 539 diu
561 497 766 550 steterint,
805 498 924 540 etiam
956 512 1059 554 quae
1092 505 1291 541 vetustate
1314 498 1401 553 glo-

185 575 351 618 riantur.
411 573 552 617 Omnia
577 571 751 615 humana
776 571 910 615 brevia
930 580 976 628 et
994 572 1142 616 caduca
1164 580 1280 628 sunt,
1310 571 1402 615 infi-

185 653 260 695 niti
287 652 474 708 temporis
501 649 653 692 nullam
681 656 838 707 partem
864 651 1106 706 occupantia.
1164 649 1207 691 9.
1237 650 1400 691 Terram

185 727 288 773 hanc
321 742 416 771 cum
451 724 633 784 popuIiS,
671 724 941 783 urbibusque,
983 733 1024 769 et
1057 725 1316 780 fluminibus,
1358 731 1401 767 et

184 804 341 847 ambitu
363 803 480 844 maris
494 832 506 854 ,
535 802 674 857 puncti
706 801 1023 857 locoponimus,
1059 801 1110 842 ad
1137 801 1317 843 universa
1335 814 1401 842 re-

183 880 375 922 ferentes:
394 879 587 920 minorem
609 878 832 934 portionem
848 884 953 918 aetas
970 884 1105 918 nostra
1121 890 1242 932 quam
1257 877 1401 932 puncti

184 954 332 1006 habet,
362 953 396 995 si
421 953 590 1009 tempori
615 958 869 1008 comparetur
887 952 1018 992 omni:
1058 951 1172 992 cuius
1198 951 1322 992 maior
1343 957 1405 992 est
1430 996 1432 998 ,

117 1060 121 1063 -
187 1042 371 1071 mensura
399 1042 522 1084 quam
547 1027 707 1070 mundi:
738 1033 878 1083 utpote
901 1041 1029 1083 quum
1052 1026 1120 1068 ille
1144 1040 1188 1069 se
1206 1027 1310 1068 intra
1329 1025 1404 1068 hu·

184 1106 247 1148 ius
271 1104 446 1162 spatium
479 1103 594 1146 toties
617 1103 860 1145 remetiatur.
920 1102 1026 1156 Quid
1053 1116 1146 1159 ergo
1172 1102 1334 1146 interest
1360 1100 1405 1144 id
1430 1158 1432 1160 Ι

185 1180 422 1234 extendere,
446 1180 559 1222 cuius
578 1187 935 1236 quantumcunque
956 1178 1076 1221 fuerit
1094 1163 1403 1233 incrementum,

186 1270 268 1298 non
290 1255 465 1298 multum
485 1254 612 1310 aberit
635 1268 660 1295 a
680 1252 835 1296 nihilo?
891 1255 982 1296 Uno
1003 1254 1123 1296 modo
1147 1254 1323 1296 multum
1343 1261 1407 1297 est

185 1331 298 1388 quod
330 1331 519 1373 vivimus:
554 1330 589 1372 si
617 1331 710 1373 satis
744 1337 818 1373 est.
882 1329 949 1372 10.
993 1330 1102 1373 Licet
1129 1330 1226 1372 mihi
1251 1331 1404 1373 vivaces

185 1412 226 1448 et
259 1406 302 1447 in
332 1405 561 1447 memoriam
599 1404 766 1446 traditae
804 1405 1018 1447 senectutis
1055 1406 1158 1447 viros
1197 1406 1375 1449 nomines
1390 1436 1404 1460 ,

183 1489 368 1524 centenos
394 1481 597 1537 denosque
621 1494 852 1537 percenseas
881 1495 1029 1523 annos:
1058 1496 1186 1537 quum
1211 1482 1263 1523 ad
1284 1495 1402 1525 omne

184 1564 343 1614 tempus
380 1557 574 1598 dimiseris
604 1557 807 1608 animum,
845 1555 956 1597 nulla
981 1557 1056 1598 erit
1083 1556 1151 1598 illa
1185 1557 1406 1599 brevissimi

184 1628 480 1683 longissimique
507 1626 593 1668 aevi
614 1624 858 1679 differentia,
889 1627 923 1668 si
944 1627 1122 1683 inspecto
1146 1635 1297 1683 quanto
1315 1628 1406 1683 quis

184 1703 324 1746 vixerit
343 1703 495 1759 spatio,
517 1702 804 1757 comparaveris
829 1709 981 1758 quanto
1001 1717 1083 1745 non
1108 1704 1260 1746 vixerit.
1290 1703 1406 1746 Dein-

232 1862 370 1901 Puncti
391 1862 477 1900 loco.
535 1861 648 1910 Saepe
677 1861 778 1898 hunc
879 1862 914 1893 It
929 1862 1058 1908 nigram·
1076 1863 1197 1906 campis
1215 1873 1338 1908 agmen.

184 1928 225 1962 in
266 1925 417 1962 modum
457 1924 601 1970 egregie
640 1924 780 1959 disserit

184 1987 338 2033 Seneca,
374 1985 540 2033 inprimis
569 1984 649 2021 Nat.
675 1985 716 2030 Q.
745 1985 777 2022 Ι.
817 1980 1056 2016 Formicamm
1070 1982 1136 2016 iste
1146 1981 1326 2018 discursu
1335 1989 1404 2028 ose,

185 2049 301 2086 Praef,
333 2048 359 2096 ς
381 2047 417 2084 8,
444 2047 559 2095 Quum
586 2053 619 2082 ee
648 2048 691 2081 in
713 2046 779 2082 illa
816 2043 858 2077 in
877 2050 1025 2091 anqueto
1041 2043 1286 2080 laborantium.
1310 2044 1406 2093 Quid

185 2124 265 2147 vm
295 2121 426 2158 magna
456 2107 659 2153 sinentem,
689 2120 777 2155 quo·
816 2104 892 2138 illis
930 2110 964 2138 et
999 2103 1101 2139 nobis
1130 2105 1294 2150 interest,
1328 2107 1406 2141 nisi

185 2169 278 2211 iisne
314 2171 451 2209 videbis
486 2171 661 2207 exercitus
694 2170 780 2206 eub-
817 2166 944 2215 exigui
981 2178 1143 2202 mencma
1180 2167 1405 2215 corpusculi?

186 2237 292 2271 rectis
302 2236 354 2270 ire
365 2233 524 2276 vexillis,
542 2239 575 2267 et
588 2233 693 2278 quasi
706 2244 779 2267 ma-
816 2239 895 2274 sqq.
921 2226 1019 2263 Conf-
1043 2227 1106 2272 Ep.
1122 2227 1237 2264 XCIX.
1261 2229 1357 2277 §28.

183 2308 297 2346 gnum
328 2293 469 2344 aliquid
499 2298 646 2342 agatur,
682 2293 779 2340 equi·
869 2289 902 2325 V
902 2289 1030 2326 ivaees.
1093 2287 1222 2326 Pulcra
1260 2289 1404 2327 Ruhko-

188 2362 257 2392 tem
282 2357 383 2391 modo
413 2355 580 2391 ulteriora
601 2353 779 2401 exploravi·
817 2349 881 2396 pfii
907 2350 1110 2386 emendatio
1132 2363 1200 2398 pro
1216 2360 1322 2389 vates.
1347 2353 1404 2387 Sic

188 2426 274 2463 tem,
308 2418 408 2453 modo
440 2430 464 2454 a
495 2415 662 2452 lateribus
688 2415 779 2463 affu-
817 2411 943 2448 Troad.
973 2412 1051 2449 Act.
1084 2412 1115 2451 Ι.
1149 2425 1184 2450 v.
1215 2413 1260 2449 42
1296 2413 1405 2450 vivax

190 2492 285 2526 sum,
309 2478 431 2515 licebit
454 2478 586 2514 dicare.-
818 2480 985 2510 aeneam.
