1848 3122
968 315 1024 357 92

385 449 521 493 dentia
534 483 547 506 ,
585 464 740 507 sparsae
773 458 835 493 tot
858 466 930 509 per
962 459 1119 495 vastum
1145 453 1321 508 insulae,
1349 468 1452 510 quae
1478 455 1599 495 inter-
1655 476 1659 479 ·

386 535 509 569 ventu
534 540 606 568 suo
633 525 755 566 maria
783 521 1061 583 distinguunt.¹
1091 526 1133 569 4.
1163 528 1270 580 Quid
1295 528 1475 585 lapidum
1496 542 1601 586 gem-

386 614 620 657 marumque
639 601 791 656 fulgor,
820 611 862 644 et
886 604 989 645 inter
1009 604 1237 660 rapidorum
1263 618 1427 645 cursum
1449 613 1602 647 torren-

385 678 486 719 tium
520 690 663 719 aurum
695 677 822 719 arenis
857 677 1113 731 interfluens,
1150 684 1192 719 et
1224 678 1265 719 in
1298 678 1438 721 mediis
1464 681 1602 734 terris,

383 752 595 809 medioque
627 768 764 812 rursus
790 755 889 795 mari
922 754 1091 795 nitentes
1114 753 1265 808 ignium
1290 753 1415 808 faces,
1444 762 1486 796 et
1511 756 1600 796 vin·-

382 827 520 870 culum
567 834 761 870 terrarum
802 827 1009 882 Oceanus,
1050 828 1383 870 continuationem
1424 828 1602 884 gentium

385 902 531 959 triplici
563 902 654 944 sinu
678 903 884 957 scindens,
913 911 955 945 et
981 903 1130 959 ingenti
1154 903 1314 945 licentia
1338 902 1601 946 exaestuans?

386 978 548 1020 Videbis
567 977 629 1020 his
652 979 860 1034 inquietis,
880 986 922 1020 et
945 979 1028 1021 sine
1046 986 1166 1021 vento
1183 978 1473 1021 fluctuantibus
1492 979 1605 1035 aquis

384 1054 548 1095 immani
572 1061 613 1095 et
643 1054 848 1095 excedenti
874 1055 1073 1096 terrestria
1101 1054 1374 1110 magnitudine
1399 1054 1603 1114 animalia,

386 1128 581 1184 quaedam
616 1129 746 1183 gravia
790 1135 832 1169 et
870 1128 998 1169 alieno
1033 1142 1078 1169 se
1117 1131 1340 1184 magisterio
1383 1131 1579 1171 moventia
1593 1161 1605 1183 ‚

386 1203 581 1259 quaedam
607 1202 774 1256 velocia,
804 1203 1005 1245 concitatis
1032 1204 1250 1258 perniciora
1272 1204 1465 1259 remigiis,
1487 1218 1608 1260 quae-

387 1278 482 1319 dam
503 1277 724 1319 haurientia
744 1277 893 1330 undas,
923 1284 964 1318 et
987 1291 1130 1333 magno
1150 1269 1514 1334 praenavigantium
1535 1292 1609 1336 pe-

388 1353 515 1396 riculo
551 1353 735 1395 efflantia.
798 1352 838 1395 5.
882 1352 1042 1396 Videbis
1078 1353 1144 1396 hic
1179 1354 1361 1412 navigia,
1393 1370 1492 1411 quas
1529 1369 1610 1397 non

388 1442 531 1472 novere
567 1436 689 1471 terras
705 1460 718 1483 ‚
761 1429 1001 1485 quaerentia.
1076 1428 1236 1472 Videbis
1277 1429 1377 1471 nihil
1416 1429 1612 1473 humanae

388 1506 575 1549 audaciae
610 1505 876 1558 intentatum,
915 1505 1073 1561 erisque
1109 1514 1150 1548 et
1180 1506 1393 1563 spectatrix
1407 1538 1420 1561 ,
1457 1514 1499 1549 et
1526 1508 1612 1563 ipsa

389 1596 482 1639 pars
509 1595 653 1636 magna
678 1581 927 1623 conantium:
955 1580 1084 1623 disces
1112 1581 1353 1638 docebisque
1376 1589 1500 1636 artes,
1520 1582 1615 1625 alias

390 1641 497 1713 quae
531 1658 654 1697 vitam
681 1657 879 1696 instruant
892 1685 904 1707 ,
934 1655 1028 1696 alias
1060 1669 1162 1710 quae
1192 1647 1333 1697 ornent
1346 1687 1358 1709 ,
1387 1657 1482 1698 alias
1509 1671 1613 1712 quae

393 1739 545 1787 regant.
603 1730 683 1772 Sed
706 1729 795 1771 istic
818 1719 937 1771 erunt
956 1729 1067 1770 mille
1091 1743 1302 1786 corporum
1329 1737 1370 1772 et
1393 1731 1614 1774 animorum

392 1814 545 1864 pestes,
574 1813 615 1847 et
636 1804 763 1857 bella,
794 1812 835 1845 et
861 1804 1084 1858 latrocinia,
1114 1813 1155 1847 et
1183 1820 1357 1860 venena,
1387 1814 1429 1849 et
1455 1806 1615 1849 naufna-

391 1882 476 1938 gia,
505 1889 547 1923 et
569 1880 820 1937 intemperies
841 1878 941 1922 coeli
961 1880 1238 1937 corporisque,
1262 1888 1304 1924 et
1327 1882 1616 1926 carissimorum

445 2070 519 2104 Per
552 2075 703 2104 vastum.
772 2067 870 2102 Alibi
899 2066 988 2102 huie
1026 2068 1120 2102 mari
1133 2067 1246 2102 solum
1266 2080 1540 2115 nonnumquam
1557 2081 1618 2116 po-

395 2128 575 2175 adjectivo
604 2127 867 2163 substantivum
895 2140 989 2163 mare
1027 2129 1083 2163 nit
1114 2133 1245 2164 noster.
1278 2129 1357 2166 Nat.
1388 2130 1428 2174 Q.
1458 2130 1535 2166 Lib.
1557 2130 1617 2167 VI.

398 2190 533 2226 addere
554 2190 643 2225 solet
662 2190 805 2225 Seneca.
840 2188 890 2224 De
908 2189 989 2224 Pro·
1028 2189 1113 2236 Cap.
1124 2189 1182 2224 IV.
1202 2189 1227 2239 §
1237 2190 1260 2225 2
1280 2203 1390 2231 novas
1409 2192 1450 2225 in
1462 2192 1617 2239 profun-

397 2252 474 2289 vid.
500 2252 583 2299 Cap.
602 2252 631 2287 Ι.
648 2252 673 2300 §
690 2252 713 2287 3
733 2258 766 2287 et
783 2256 876 2286 n'ova
894 2252 990 2286 insu·
1030 2252 1074 2286 do
1097 2251 1234 2287 insulas
1257 2253 1376 2299 erigit.

398 2315 513 2350 larum
544 2315 585 2347 in
622 2320 720 2348 vasto
752 2313 992 2348 exsilientium
1097 2312 1274 2360 Lapidum
1326 2324 1618 2361 gemmarumque.

399 2376 496 2411 mari
512 2376 640 2422 spatia.
684 2375 755 2409 Hoc
773 2379 894 2408 autem
914 2374 994 2409 loco
1032 2375 1125 2409 Haec
1164 2375 1276 2409 verba
1306 2373 1506 2419 saepissime
1537 2388 1620 2412 con-

400 2436 520 2474 omisit
539 2448 634 2471 mare
652 2435 761 2471 credo
778 2435 825 2470 ob
844 2447 995 2482 sequens
1029 2437 1247 2484 junguntur.
1283 2434 1364 2470 Vid.
1376 2435 1554 2479 Brouekh.
1576 2439 1622 2475 ad

402 2501 528 2535 maria.
579 2497 804 2546 Profundum
825 2510 911 2533 vero
930 2507 996 2545 pro
1034 2499 1218 2534 Tibullum
1242 2508 1323 2544 pag.
1351 2496 1432 2535 170.
