1848 3122
789 291 866 333 121

220 424 266 467 6.
297 424 346 466 Et
368 437 495 481 quum
520 431 679 481 tempus
699 424 924 478 advenerit,
952 437 1035 481 quo
1055 435 1099 467 se
1120 422 1297 466 mundus
1325 436 1434 466 reno-

223 509 387 542 vaturus
420 501 659 556 exstinguat:
696 502 844 543 viribus
878 503 952 543 ista
985 515 1027 543 se
1056 502 1137 543 suis
1170 499 1337 542 caedent
1350 529 1362 551 ,
1396 507 1437 539 et

226 575 352 619 sidera
376 576 570 620 sideribus
593 578 814 632 incurrent,
844 584 886 619 et
906 577 1013 619 omni
1038 576 1230 633 flagrante
1253 575 1438 628 materia,

226 667 307 695 uno
328 654 435 709 igne,
465 654 662 711 quidquid
685 669 792 696 nune
814 667 863 695 ex
888 654 1076 710 disposito
1102 654 1233 707 lueet,
1263 651 1434 694 ardebit.

228 730 306 771 Nos
330 744 489 786 quoque
510 730 640 772 felices
662 731 835 784 animae,
865 738 906 772 et
928 737 1083 772 aeterna
1111 731 1291 783 sortitae,
1311 742 1440 784 quum

227 805 311 847 Deo
332 807 460 848 visum
482 806 557 846 erit
583 807 727 848 iterum
753 808 826 848 ista
848 806 998 859 moliri,
1020 806 1245 848 labentibus
1262 805 1439 857 cunctis,

220 888 268 922 et
306 881 413 937 ipsae
451 894 569 936 parva
603 882 737 922 ruinae
773 882 941 935 ingentis
975 881 1167 933 accessio,
1204 881 1247 921 in
1278 880 1442 936 antiqua

226 955 421 998 elementa
449 964 658 998 vertemur.
717 955 888 998 Felicem
924 955 1056 998 filium
1091 964 1234 1008 tuum,
1269 955 1441 1008 Marcia,

227 1032 298 1087 qui
325 1031 399 1074 ista
426 1032 506 1073 iam
532 1033 688 1074 novit.''

275 1191 351 1235 Nos
367 1204 501 1238 quoque
505 1192 636 1240 felices
646 1196 716 1227 oet.
735 1191 815 1227 Cor·
853 1192 969 1227 sortiti
998 1204 1138 1237 sumus,
1179 1192 1204 1227 i.
1238 1204 1270 1227 e.
1302 1186 1441 1239 semper

225 1251 311 1298 rigit
353 1251 549 1295 Gronovius
587 1251 633 1288 ad
673 1252 815 1288 Livium
853 1253 1092 1298 manebimus,
1126 1252 1188 1288 sed
1207 1265 1281 1289 non
1301 1264 1443 1300 semper

229 1314 328 1350 XLV.
353 1314 435 1361 Cap.
456 1314 534 1350 Vll.
558 1315 615 1351 ed.
635 1315 813 1352 Drakenh.
854 1315 981 1351 eodem
998 1320 1108 1361 statu,
1123 1328 1197 1352 non
1208 1327 1349 1363 semper
1363 1316 1442 1351 ani·

230 1376 305 1411 Nos
327 1389 460 1426 quoque
479 1378 603 1423 felices
623 1379 761 1413 animas
783 1385 816 1413 et
854 1389 952 1419 νῆασ,-
972 1388 1056 1411 nam
1071 1378 1113 1411 in
1133 1378 1281 1424 antiquo
1298 1377 1442 1411 elemen-

229 1444 386 1473 aeternas
422 1440 558 1484 sortiti,
598 1452 705 1486 quum
739 1439 815 1475 Deo
854 1445 891 1474 ta
922 1446 1113 1484 venemur,
1149 1444 1189 1474 ut
1225 1439 1275 1475 ait
1310 1442 1441 1474 noster.

229 1500 346 1533 visum
362 1501 428 1534 erit
446 1501 573 1534 iterum
590 1501 659 1535 ista
681 1501 815 1545 moliri,
853 1500 926 1536 Hoc
949 1512 1094 1547 quoque
1115 1505 1212 1547 patet
1234 1513 1279 1535 ex
1304 1499 1442 1535 Consol.

229 1559 425 1595 tabentibus
468 1562 625 1606 cunctis,
671 1549 705 1596 ει
744 1562 816 1609 ipsi
855 1560 902 1596 aa
910 1561 1070 1597 Helviam
1081 1561 1176 1598 v111.
1194 1561 1265 1610 §5-
1288 1561 1444 1596 Animus

222 1634 339 1669 parva
348 1624 472 1657 ruinae
488 1624 643 1671 ingentis
652 1625 816 1659 accessio.
858 1623 1122 1670 contemplator,
1189 1623 1444 1670 admiratorque

229 1683 440 1719 Emendatio
463 1689 567 1720 acuta
585 1684 734 1731 quidem
756 1685 819 1720 sed
857 1684 997 1730 mundi,
1014 1697 1102 1732 pare
1122 1686 1197 1733 ejus
1218 1684 1445 1734 magnffieen-

229 1756 277 1780 ne
294 1745 399 1793 ·quid
428 1745 615 1790 reticeam,
638 1758 709 1782 non
734 1758 818 1783 vera
856 1745 1013 1790 tissima,
1031 1748 1179 1794 propria
1199 1746 1302 1781 nobis
1319 1752 1354 1780 et
1364 1757 1444 1793 per-

230 1807 322 1840 mihi
341 1807 516 1842 videtur:
537 1807 626 1842 Nam
647 1820 668 1843 e
688 1808 816 1843 Stoico·
852 1814 976 1853 petua,
991 1808 1126 1842 tamdiu
1142 1808 1324 1842 nobiseum
1340 1819 1444 1842 man—

228 1879 314 1904 rum
328 1867 491 1905 doctrina
508 1874 647 1905 aeterna
667 1868 817 1916 quidem
855 1881 948 1914 eura,
956 1869 1124 1916 quamdiu
1133 1869 1206 1918 ipsi
1214 1868 1443 1905 manebimus.
