1848 3122
944 318 1001 362 90

358 455 491 499 omnia
524 454 794 511 complexam,
832 454 948 497 certis
974 453 1132 511 legibus
1162 457 1408 514 aeternisque
1433 455 1571 499 devia-³

357 540 487 584 ctam,
515 529 766 584 indefatigata
788 531 1017 573 coelestium
1037 533 1164 574 officia
1188 532 1424 574 volventem.
1454 533 1573 575 Vide-

358 607 420 650 bis
459 605 541 648 illic
575 605 884 649 innumerabiles
909 607 1067 661 stellas,
1103 605 1306 649 miraberis
1339 622 1421 650 uno
1446 608 1575 651 sidere

356 683 486 724 omnia
504 682 686 738 impleri,
713 682 838 724 solem
864 683 1095 739 quotidiano
1118 696 1240 724 cursu
1263 682 1342 724 diei
1368 685 1575 741 noctisque

354 758 483 815 spatia
508 757 752 814 signantem,
781 771 914 800 annuo
945 763 1111 800 aestates
1143 756 1374 815 hiemesque
1395 759 1575 815 aequali-

355 841 417 875 ter
452 833 718 876 devidentem.
779 833 820 875 2.
865 833 1024 876 Videbis
1061 841 1297 876 nocturnam
1330 834 1447 876 lunae
1480 848 1576 877 suc·-

356 910 596 964 coesionem,
635 924 658 951 a
694 909 876 953 fratemis
908 909 1138 954 occursibus
1165 910 1255 954 lene
1289 912 1575 968 remissumque

355 986 495 1029 lumen
530 995 805 1041 mutuantem,
844 995 886 1030 et
926 988 1045 1030 modo
1081 988 1301 1043 occultam,
1337 988 1458 1031 modo
1490 995 1577 1030 toto

356 1077 425 1105 ore
451 1063 564 1106 terris
589 1063 888 1117 imminentem,
916 1064 1205 1107 accessionibus
1228 1064 1464 1120 damnisque
1484 1078 1577 1106 mu-

357 1138 520 1179 tabilem
533 1169 545 1191 ,
574 1151 732 1194 semper
758 1140 961 1193 proximae
983 1138 1226 1180 dissimilem.
1273 1138 1435 1181 Videbis
1458 1139 1579 1194 quin-

354 1227 435 1270 que
468 1213 598 1256 sidera
630 1212 802 1255 diversas
837 1214 992 1269 agentia
1026 1214 1106 1256 vias
1123 1245 1136 1267 ,
1178 1221 1220 1255 et
1259 1214 1302 1255 in
1335 1206 1578 1257 contrarium

357 1290 566 1346 praecipiti
597 1288 749 1330 mundo
770 1289 953 1331 nitentia:
983 1303 1031 1330 ex
1065 1289 1209 1331 horum
1231 1289 1436 1332 levissimis
1461 1290 1579 1332 moti-

358 1365 437 1409 bus
474 1365 656 1409 fortunae
690 1366 932 1423 populorum
969 1366 1219 1423 dependent,
1259 1375 1301 1409 et
1333 1368 1501 1408 maxima
1532 1380 1580 1409 ac

356 1443 519 1484 minima
541 1442 707 1499 perinde
735 1441 977 1496 formantur,
1007 1449 1129 1499 prout
1150 1456 1324 1499 aequum
1348 1443 1580 1499 iniquumve

358 1514 469 1556 sidus
494 1514 664 1556 incessit.
724 1513 929 1555 Miraberis
955 1513 1124 1555 collecta
1143 1513 1306 1568 nubila,
1330 1521 1372 1555 et
1395 1513 1580 1555 cadentes

409 1655 493 1690 Non
533 1654 779 1701 impendebant
818 1652 955 1688 caelata
979 1663 1039 1698 .pe
1057 1657 1242 1698 ponuntur
1262 1652 1310 1687 de
1333 1652 1422 1688 luna
1442 1654 1583 1690 damna.

361 1716 565 1764 laquearia.-
599 1715 661 1751 sed
688 1715 730 1749 in
756 1721 875 1762 aperto
892 1715 954 1762 ja·
993 1712 1093 1749 Conf.
1110 1713 1259 1760 interpr.
1277 1713 1324 1749 ad
1338 1714 1455 1752 Horat.
1468 1714 1582 1753 carm.

361 1785 475 1813 centes
494 1777 612 1813 sidera
629 1776 950 1824 superlabebantur,
991 1775 1069 1810 vll.
1093 1775 1169 1810 Lib.
1193 1775 1253 1811 lv.

360 1846 394 1875 ot
431 1840 574 1887 {migne
613 1837 850 1885 spectaculum
885 1849 953 1871 no-
1042 1836 1154 1872 Sidus
1171 1837 1328 1873 incessit.
1354 1837 1485 1873 Incede
1502 1849 1583 1885 pro-

359 1902 492 1938 ctium:
533 1900 684 1936 mundus
719 1900 761 1934 in
783 1911 953 1947 praeceps
990 1898 1113 1946 prium
1132 1899 1173 1934 in
1193 1910 1234 1934 re
1253 1898 1372 1946 gravi,
1390 1898 1437 1934 de
1453 1899 1581 1948 Tranq.

360 1963 548 2011 agebatur,
564 1962 709 1997 silentio
720 1968 855 1996 tantum
867 1973 953 2008 opus
991 1961 1021 1996 Ι.
1042 1960 1068 2009 §
1088 1960 1123 1997 6.
1159 1960 1236 1996 Nec
1254 1961 1349 1996 inter
1366 1961 1432 1996 illa
1444 1960 1583 2007 frivola

360 2024 501 2061 ducem.
567 2023 654 2060 Tam
682 2022 839 2059 interdiu
858 2022 953 2068 illis,
992 2036 1068 2060 mea
1099 2029 1171 2059 tam
1197 2023 1291 2059 aleus
1318 2022 1453 2059 incedo.
1486 2022 1581 2061 Ibid.

363 2100 469 2134 quam
497 2093 624 2130 noctu,
647 2086 794 2133 patebat
810 2097 954 2132 prospe—
991 2086 1058 2121 ΙΙΙ.
1080 2085 1106 2133 §
1130 2086 1186 2121 14.
1214 2086 1375 2121 Socvatea
1397 2111 1406 2120 .
1420 2111 1430 2120 .
1443 2110 1453 2120 .
1474 2097 1582 2131 quum

363 2155 442 2185 ctus
469 2147 574 2196 hujus
597 2147 856 2195 pulcherrimae
890 2147 955 2182 do-
991 2148 1087 2183 inter
1124 2148 1276 2196 triginta
1306 2146 1465 2182 dominos
1496 2146 1586 2182 liber

362 2223 453 2246 mus.
992 2210 1167 2246 incederet
1186 2209 1407 2245 Graecorum
1426 2214 1585 2259 στεζχεη.

416 2271 534 2306 Terris
554 2272 805 2306 imminentem.
835 2270 954 2305 Horat.
1040 2270 1253 2316 Hujusmodi
1262 2274 1383 2305 autem
1391 2267 1582 2314 nugasjam

362 2333 480 2370 Carm.
505 2332 563 2368 IV.
588 2332 666 2367 Lib.
691 2333 721 2368 Ι.
992 2336 1130 2367 veteres
1157 2331 1337 2375 riserunt,
1380 2340 1473 2376 quae
1505 2328 1583 2365 loca

361 2402 434 2434 Jam
445 2399 601 2444 Cytherea
609 2399 725 2430 chorus
735 2398 826 2429 ducit
836 2398 952 2437 Venus,
991 2393 1138 2440 collegit
1146 2391 1430 2437 Lindenhrogius
1439 2390 1485 2426 ad
1495 2391 1583 2428 Cen-

492 2457 678 2488 imminente
699 2456 790 2487 Imm-
991 2456 1153 2492 sorinum
1173 2455 1221 2490 de
1237 2454 1299 2489 die
1311 2453 1420 2489 natali
1431 2466 1510 2502 pag.
1521 2456 1580 2491 58.

412 2519 632 2566 Damnieque
642 2516 855 2553 mutabilem.
875 2515 951 2553 Sae-
992 2518 1064 2555 Cic.
1095 2517 1143 2553 de
1169 2516 1253 2552 niv.
1283 2514 1362 2552 Lib.
1389 2516 1438 2553 11.
1487 2517 1580 2556 Sext,
