1848 3122
988 308 1043 350 58

401 451 564 503 tempus
581 450 754 487 enervat.
814 443 948 486 Manet
972 443 1139 500 quidem
1161 444 1258 500 tibi,
1287 445 1454 500 Mancia,
1483 447 1621 488 etiam-

399 534 511 564 nune
542 521 678 576 ingens
709 518 892 575 tristitia,
922 527 963 562 et
985 520 1065 563 iam
1084 520 1246 564 videtur
1265 521 1425 565 duxisse
1449 521 1621 577 callum,

400 612 481 640 non
517 595 587 637 illa
618 595 841 650 concitata,
870 597 999 653 qualis
1022 598 1134 639 initio
1158 596 1257 650 fuit,
1286 598 1360 639 sed
1382 601 1561 654 pertinax
1581 607 1624 641 et

398 671 617 715 obstinata:
654 678 788 714 tamen
823 671 930 716 hanc
964 685 1125 730 quoque
1159 679 1266 715 aetas
1294 671 1369 715 tihi
1395 674 1623 718 minutatim

397 750 554 792 eximet.
609 748 651 791 2.
688 750 851 802 Quoties
872 751 982 793 aliud
1005 750 1153 805 egeris,
1184 751 1339 793 animus
1361 749 1621 795 relaxabitur:

341 857 342 861 ,
396 839 505 870 nunc
524 833 568 869 te
590 826 677 884 ipsa
699 825 891 869 custodis.
921 825 1097 869 Multum
1113 833 1249 870 autem
1274 827 1460 881 interest,
1482 833 1622 870 utrum

397 903 473 946 tibi
508 904 716 960 permittas
751 917 952 958 moerere,
992 899 1045 946 an
1075 904 1259 961 imperes.
1317 905 1475 958 Quanto
1499 905 1624 961 magis

399 980 478 1025 hoc
501 994 661 1024 morum
683 987 845 1024 tuorum
870 979 1088 1038 elegantiae
1108 981 1316 1037 convenit,
1344 980 1468 1025 finem
1488 981 1624 1026 luctus

444 1096 669 1145 Elegantia.
692 1096 919 1144 Ruhkopfius
932 1108 993 1132 an-
1033 1096 1218 1133 abundare
1232 1108 1375 1144 semper
1387 1096 1530 1134 docent.
1554 1098 1625 1134 Po·

396 1161 499 1193 notat
518 1157 566 1193 ni.
579 1168 612 1192 e.
630 1158 744 1192 animi
758 1158 814 1192 tui
831 1157 992 1192 firmitati
1032 1159 1105 1192 tius
1124 1158 1224 1192 enim
1243 1162 1280 1192 et
1296 1159 1429 1205 magis,
1450 1169 1537 1193 eum
1545 1169 1625 1194 ver-

395 1222 459 1254 »et
485 1218 751 1256 innocentiae.”
800 1218 894 1255 Haec
917 1218 993 1255 duo
1030 1218 1087 1255 bis
1105 1219 1249 1265 saltem,
1280 1230 1355 1255 non
1371 1218 1472 1255 idem
1492 1219 1624 1267 signifi-

396 1280 579 1326 quomodo
609 1291 654 1314 ex
675 1281 788 1316 verbo
807 1281 916 1316 allato
932 1281 993 1316 de-
1032 1285 1127 1327 cant.
1151 1281 1281 1315 Potius
1292 1279 1341 1315 ad
1350 1280 1539 1315 consilium
1549 1280 1626 1315 sive

397 1340 535 1377 ducere
573 1341 682 1389 possit
711 1353 785 1378 non
817 1341 992 1389 intelligo.
1032 1346 1192 1378 mentem
1213 1352 1403 1389 personae,
1423 1352 1517 1389 quae
1533 1340 1625 1388 agit,

396 1403 533 1447 Quidni
545 1415 652 1439 sensu
661 1404 767 1440 solito
776 1404 993 1451 accipiatur?
1032 1404 1162 1439 referri
1192 1403 1321 1439 dehet:
1356 1404 1471 1451 maqis
1503 1408 1627 1439 autem

395 1464 458 1501 Est,
476 1464 568 1499 haec
589 1464 787 1510 elegantia,
811 1476 885 1511 qua
905 1464 992 1500 Mar·
1033 1464 1109 1499 vim
1138 1464 1307 1509 actionis,
1331 1474 1428 1511 quae
1448 1463 1559 1499 verbo
1580 1464 1627 1499 si·

396 1526 454 1562 eia
473 1527 569 1562 inter
580 1527 747 1575 placidos
766 1527 993 1574 eruditaeque
1031 1525 1222 1573 gnificatur
1232 1552 1244 1571 ‚
1262 1529 1381 1572 auget.
1413 1525 1513 1561 Conf.
1541 1525 1629 1561 Her-

393 1582 512 1636 'qentis
533 1588 691 1623 homines
710 1587 810 1637 (Cap.
828 1587 908 1624 vll.
920 1586 995 1635 §2)
1032 1599 1109 1633 zog.
1138 1587 1185 1622 ad
1215 1587 1311 1623 Caes.
1340 1586 1389 1622 de
1414 1586 1504 1623 Bell.
1533 1586 1626 1623 Gall.

399 1653 478 1685 erat
506 1649 751 1694 numeranda,
782 1650 866 1696 qui,
891 1654 934 1684 ut
954 1648 996 1683 in
1035 1647 1094 1683 lv,
1116 1648 1159 1693 2,
1183 1652 1221 1683 et
1239 1647 1393 1683 Wolfius
1412 1648 1452 1682 in
1472 1648 1556 1684 lect.
1574 1647 1630 1684 >ad-

398 1709 550 1756 oeteris‚
580 1710 632 1746 ita
658 1709 808 1746 dolendi
835 1710 996 1746 modera-
1035 1707 1135 1744 Tusc.
1175 1707 1270 1755 Disp.
1306 1719 1388 1755 pag.
1425 1707 1508 1745 326.
1569 1709 1628 1745 sio

399 1772 500 1807 tione
523 1772 719 1807 excellunt.
1034 1770 1237 1805 Sehellerus
1273 1769 1313 1805 in
1352 1770 1433 1806 loco
1470 1782 1493 1806 o
1533 1771 1628 1807 Livii

450 1832 590 1881 Quanto
625 1834 743 1881 magio
784 1860 793 1869 .
809 1860 817 1869 .
832 1860 841 1869 .
873 1834 995 1881 potius
1032 1831 1271 1879 praefatione:
1290 1843 1370 1867 cum
1392 1832 1627 1880 boniepou'us

397 1897 528 1940 faeere,
547 1908 664 1943 quam.
714 1895 787 1930 Hae
803 1894 898 1931 duae
914 1907 994 1942 par-
1034 1894 1212 1930 ominibus
1240 1920 1250 1929 .
1262 1919 1272 1929 .
1287 1919 1296 1928 .
1328 1893 1506 1929 libentius
1526 1895 1626 1930 inei-

399 1956 533 1992 ticulae
564 1957 680 2005 magia
705 1961 743 1991 et
769 1958 890 2004 potius
921 1968 994 1992 sae-
1026 1966 1208 2003 pes-emus,
1242 1965 1433 2003 perperam
1466 1956 1626 1992 statuisse

398 2017 544 2066 pissime
574 2017 615 2053 in
643 2017 774 2053 eodem
800 2030 905 2054 sensu
935 2030 994 2054 oe·
1033 2016 1125 2062 mihi
1143 2016 1289 2052 videtur
1302 2017 1426 2065 potius
1445 2016 1498 2051 ibi
1508 2016 1627 2052 omitti

400 2085 565 2116 currunt.
590 2080 647 2116 Sic
667 2079 766 2128 apud
785 2079 994 2117 Ciceronem
1032 2080 1188 2127 potuisse
1202 2079 1312 2129 (conf.
1334 2079 1476 2116 lexicon
1495 2079 1626 2115 inver-

401 2154 507 2189 saepe
521 2144 644 2191 potius
665 2155 751 2178 cum
772 2143 882 2179 verbo
901 2144 993 2179 malo
1033 2140 1107 2189 ho).
1155 2141 1245 2177 Nam
1276 2153 1393 2189 quum
1421 2142 1473 2177 sio
1496 2141 1626 2177 resolvi

401 2204 478 2239 sive
498 2206 612 2253 magis
628 2205 724 2249 volo,
740 2209 778 2240 et
795 2216 881 2240 cum
899 2217 994 2240 eom·
1033 2204 1156 2251 possit:
1185 2206 1301 2253 magis
1327 2205 1449 2240 liberet
1469 2216 1550 2239 cum
1567 2203 1624 2239 bo·

401 2266 592 2315 parativis,
614 2267 697 2315 qui,
717 2271 759 2303 ut
779 2271 908 2304 notum
926 2272 994 2312 est,
1033 2268 1093 2303 nia
1115 2268 1240 2315 potius
1281 2266 1460 2303 ominibus
1491 2266 1624 2314 incipe·

399 2341 468 2376 per
509 2331 625 2377 magia
661 2329 792 2364 resolvi
827 2334 994 2376 possunt,
1033 2342 1090 2374 re,
1137 2331 1252 2377 maqis
1290 2338 1415 2364 rursus
1457 2326 1504 2362 ad
1541 2339 1625 2363 ver-

399 2390 599 2426 invenitur.
622 2389 721 2426 conf.
734 2389 849 2425 Clavis
858 2389 993 2427 Ernest.
1032 2390 1140 2437 bum,
1154 2391 1279 2440 potius
1299 2387 1347 2424 ad
1363 2386 1525 2423 animum
1539 2388 1623 2424 scri-

399 2453 480 2489 Non
512 2464 600 2488 vero
635 2457 740 2487 acute
765 2452 791 2486 ii
822 2451 994 2489 disserere
1031 2454 1143 2501 ptoris
1161 2451 1291 2490 referri
1304 2449 1439 2486 debere
1460 2455 1624 2498 apertum

403 2515 492 2550 mihi
514 2513 704 2558 videntur,
720 2512 785 2561 qui
805 2513 857 2550 sic
872 2515 994 2563 pocius
1032 2520 1094 2551 est.
