1848 3122
837 304 884 343 21

329 427 509 482 Denique
534 427 759 469 brevissime
786 442 893 480 agere
930 420 1115 469 constitui
1142 428 1192 469 de
1218 429 1330 470 Areo.
1383 431 1440 470 De

273 498 352 538 hoc
378 497 619 553 philosopho
640 509 679 539 et
694 498 849 539 rethore
866 500 1128 541 Alexandrino
1142 515 1270 556 pauca
1287 511 1440 541 tantum

270 570 432 625 posteris
463 570 679 612 innotuere.
733 569 856 611 Multa
884 571 933 612 de
959 581 1040 612 arte
1066 572 1259 614 rhetorica
1278 572 1441 628 scripsit

272 639 570 693 (Quinctilianus
607 643 639 683 I.
670 643 715 684 Ο.
741 644 829 683 Lib.
856 644 926 684 ΠΙ.
955 659 1040 698 cap.
1068 645 1114 696 1).
1152 645 1247 697 Ejus
1273 659 1438 699 quoque

268 711 481 754 rhetoricae
512 713 689 755 definitio
712 714 853 755 tradita
878 725 959 767 est,
989 730 1107 771 quam
1133 715 1288 757 dicebat
1314 726 1438 756 artem

269 797 349 823 esse
378 784 538 824 dicendi
564 785 780 826 secundum
809 788 992 827 virtutem
1018 788 1200 827 orationis
1233 787 1433 839 (Quinctil.

269 854 301 895 I.
330 854 377 896 0.
393 855 481 896 Lib.
498 855 549 895 II.
570 870 655 911 cap.
673 856 787 912 XV.).
839 857 898 898 Ex
923 872 1027 899 cons.
1056 873 1142 913 cap.
1173 856 1239 896 IV.
1268 856 1434 913 aliisque

268 926 433 965 Senecae
461 927 703 980 scriptorum
729 928 821 968 locis
848 939 957 982 patet
984 943 1076 967 eum
1100 929 1243 967 Romae
1277 927 1434 978 degisse.

266 995 357 1036 Fuit
373 998 537 1049 Augusti
557 1008 804 1053 praeceptor,
824 999 896 1053 qui
912 999 947 1050 ej
954 1012 997 1037 us
1013 1008 1052 1038 et
1075 996 1246 1037 filiorum
1262 997 1437 1052 Dionysii

265 1077 304 1107 et
346 1066 544 1108 Nicanoris
585 1070 887 1110 contubernium
938 1070 1028 1109 iniit
1074 1069 1197 1121 (Suet.
1245 1069 1289 1108 in
1335 1071 1433 1119 Aug.

268 1137 362 1193 cap.
391 1138 620 1195 LXXXIX),
650 1156 819 1196 eumque
848 1140 960 1182 valde
989 1139 1124 1180 dilexit
1155 1151 1196 1180 et
1227 1143 1435 1194 συμβιωτὴν

268 1209 475 1265 appellavit
485 1211 731 1265 (Meibomius
741 1211 791 1252 de
812 1213 890 1252 vita
899 1211 1020 1251 Maec.
1039 1226 1126 1265 cap.
1143 1210 1198 1250 Vl
1210 1240 1222 1261 ,
1241 1211 1298 1264 4).
1317 1209 1436 1250 Aliud

268 1281 432 1332 Augusti
459 1283 503 1322 in
525 1295 822 1338 praeceptorem
837 1283 1069 1324 reverentiae
1085 1281 1310 1337 exemplum
1325 1282 1438 1322 affert

272 1351 346 1392 Dio
361 1352 409 1392 LI
422 1367 465 1408 p.
486 1356 564 1395 454
579 1354 648 1406 D.‚
665 1355 738 1394 ubi
753 1354 895 1406 refert:
921 1354 1141 1405 Augustum
1157 1354 1209 1393 01)
1227 1353 1343 1393 hasce
1362 1363 1437 1392 tres

269 1438 399 1464 causas
426 1438 467 1463 se
496 1436 629 1479 captae
644 1426 736 1464 urbi
753 1424 1006 1465 Alexandriae
1021 1439 1180 1479 parcere
1196 1422 1432 1474 declarasse3

267 1495 320 1534 01)
347 1494 465 1534 deum
487 1496 650 1550 Serapin
662 1526 674 1546 ,
693 1496 744 1535 ob
762 1494 1028 1535 Alexandrum
1043 1495 1152 1533 urbis
1169 1493 1434 1540 conditorem,

268 1564 442 1620 denique
468 1567 519 1606 ob
549 1566 694 1605 Areum
719 1565 1038 1606 Alexandrinum.
1100 1565 1142 1605 Si
1164 1565 1232 1605 hic
1263 1564 1436 1619 denique

268 1636 373 1677 idem
389 1643 467 1688 est,
482 1648 528 1678 ut
543 1637 791 1693 Ruhkopfius
811 1638 989 1689 conjicit,
1008 1636 1080 1692 qui
1096 1636 1183 1676 Lib.
1201 1636 1235 1676 Ι.
1252 1635 1302 1675 de
1313 1635 1433 1675 Glem.

270 1723 356 1763 cap.
385 1709 454 1747 XV
481 1708 588 1763 apud
617 1709 801 1750 Senecam
829 1709 1003 1749 occurrit
1030 1708 1189 1759 nomine
1216 1707 1258 1747 Τ.
1293 1708 1432 1756 Arius,

268 1779 455 1831 habemus
471 1780 505 1831 ej
512 1794 555 1818 us
573 1794 733 1835 quoque
749 1781 792 1818 in
809 1779 937 1819 filium
953 1779 1175 1819 clementiae
1191 1777 1437 1818 luculentum

267 1847 500 1902 exemplum.
553 1849 676 1899 Quem
690 1850 733 1888 iu
748 1848 962 1903 parricidio
986 1848 1272 1901 deprehensum
1299 1846 1434 1885 exsilio

267 1918 464 1961 damnavit
489 1919 651 1975 quidem
661 1951 674 1972 ‚
703 1920 772 1960 sed
794 1918 977 1960 Massiliae
993 1918 1186 1959 continuit
1202 1928 1242 1958 et
1257 1931 1385 1957 annua
1397 1916 1433 1956 ei

270 1991 464 2046 praestitit
475 2021 488 2042 ,
511 2002 655 2046 quanta
670 2002 861 2046 praestare
875 1992 1025 2043 integro
1039 1989 1197 2030 solebat.

301 2275 365 2313 De
392 2282 558 2327 tompore
584 2288 659 2327 quo
687 2275 914 2315 Consolatio
941 2277 1093 2327 scripta
1118 2286 1202 2312 esee
1229 2273 1390 2313 vidntur.

318 2413 486 2456 Plurima
511 2416 584 2457 hac
605 2416 654 2456 de
676 2430 719 2456 re
741 2417 824 2469 jam
843 2416 955 2457 dedit
980 2417 1038 2457 vir
1060 2414 1198 2456 doctus
1226 2413 1430 2454 Heidbree-

266 2483 378 2536 dius3
408 2488 479 2540 qui
497 2488 597 2529 hanc
611 2488 734 2529 tenuit
753 2488 966 2539 rationem,
992 2499 1036 2529 ut
1059 2501 1179 2542 quam
1204 2482 1424 2526 arctissimis
