1848 3122
954 317 1005 356 26

399 445 572 487 scrihere
600 458 680 485 non
712 444 888 499 potuerit
915 454 1007 500 post
1033 444 1213 486 exsilium
1237 446 1415 502 requiro.
1471 445 1568 487 Mihi

398 528 536 558 contra
566 516 722 556 videtur
754 516 895 557 Seneca
927 516 1024 556 h'aec
1051 517 1171 557 verba
1197 531 1417 571 numquam
1444 516 1566 557 exsilii

397 600 571 645 tempore
585 618 597 638 ‚
624 586 693 628 sed
720 598 812 643 post
838 586 1018 629 exsilium
1046 586 1176 628 dicere
1201 588 1400 642 potuisse„

450 660 603 712 objicit
629 660 733 700 enim
754 660 963 715 Dionysio:
994 658 1104 714 quod
1125 659 1225 699 vitae
1244 659 1412 713 cupidus
1433 660 1568 701 fuisset

390 740 485 787 pon
520 732 689 772 exilium
715 731 741 772 i.
772 746 806 772 e.
837 741 1047 787 postquam
1085 729 1220 771 exsilio
1258 729 1418 770 affectus
1449 742 1568 782 esset,

395 803 491 857 (vid.
511 814 594 844 not.
620 802 670 843 ad
697 802 811 843 illum
836 803 987 857 locum)
1013 813 1053 843 et
1080 817 1208 858 quum
1228 802 1361 843 adhuc
1376 803 1419 842 in
1435 802 1568 843 exsilio

393 885 623 916 versaretur.
676 874 761 915 Hoc
787 874 979 914 nimirum
1007 874 1155 926 majore
1183 874 1370 915 Senecam
1391 874 1484 925 jure
1511 873 1569 912 di-

397 961 483 988 cere
507 947 680 1002 potuisse
699 956 796 1001 poet
814 948 1004 988 omilium
1017 961 1156 997 suum,
1175 957 1385 1002 postquam
1406 946 1569 1001 Romam

395 1017 585 1069 redierat,
625 1033 743 1073 quam
789 1033 915 1073 quum
929 1048 941 1069 ,
969 1028 1015 1058 ut
1046 1018 1277 1073 Dionysius,
1304 1016 1412 1058 exsul
1442 1027 1565 1067 esset,

393 1103 509 1129 nemo
549 1103 630 1129 non
664 1088 785 1130 videt.
832 1089 955 1135 *Haec
991 1088 1096 1129 inter
1133 1088 1229 1128 duas
1270 1088 1567 1141 significationes

391 1159 675 1200 vocabulorum
712 1167 807 1211 poet
842 1161 1032 1198 exsilium
1064 1159 1282 1198 differentia
1309 1160 1412 1198 bene
1439 1160 1569 1198 obser-

392 1228 518 1271 vanda
550 1239 620 1270 est.

452 1301 574 1341 Unica
589 1311 718 1340 autem
735 1300 982 1352 conjectura,
1010 1315 1090 1355 qua
1114 1299 1258 1340 ductus
1284 1298 1566 1340 Heidhreedius

394 1371 640 1413 verisimilius
651 1382 767 1426 putat
778 1370 1076 1411 consolationem
1084 1370 1133 1410 ad
1148 1371 1329 1413 Marciam
1342 1370 1465 1410 exsilii
1477 1381 1569 1411 tem-

391 1458 513 1499 pore,
541 1457 662 1498 quam
678 1453 769 1497 post
783 1442 962 1482 exsilium
978 1472 990 1492 ,
1019 1443 1205 1496 scriptam
1216 1457 1317 1493 esse,
1338 1443 1478 1482 nititur
1490 1442 1568 1482 hoc

394 1528 416 1553 e
433 1512 625 1554 consolat.
644 1511 693 1551 ad
710 1511 882 1553 Helviam
897 1512 1000 1562 XVI,
1020 1514 1058 1552 2.
1074 1512 1184 1559 loco=
1204 1511 1253 1551 Ν
1250 1527 1302 1551 απ
1319 1519 1380 1551 eet
1394 1512 1501 1565 quod
1514 1513 1571 1551 ad

394 1583 788 1639 quaedamfeminae
802 1585 1017 1636 nepiciae,
1029 1597 1202 1636 quarum
1219 1585 1431 1622 tm'etitiam
1448 1583 1570 1622 camel

395 1662 575 1694 tamtam
597 1667 708 1693 more
720 1655 872 1706 finivit:
898 1655 1008 1692 noeti
1028 1653 1252 1705 quaedam,
1274 1667 1374 1704 quae
1398 1654 1567 1692 amieeie

393 1726 514 1779 filiis,
546 1725 736 1777 imposita
761 1723 948 1777 luquhria
976 1736 1196 1776 numquam
1222 1730 1441 1763 exuerunt:
1474 1723 1572 1763 »Se-

394 1810 514 1844 neca,
540 1795 593 1834 ait
619 1792 787 1844 Heidb„
816 1794 988 1848 respexit
1003 1804 1071 1834 aut
1093 1793 1142 1833 ad
1161 1793 1377 1845 Octaviam,
1398 1793 1568 1834 Marcelli

393 1876 582 1916 matrem,
606 1874 673 1904 aut
694 1864 743 1903 ad
767 1864 972 1916 Marciam,
992 1875 1060 1905 aut
1080 1864 1130 1904 ad
1154 1875 1385 1920 utramque,
1414 1876 1480 1906 aut
1504 1865 1569 1905 de-

394 1937 520 1990 nique
531 1935 580 1975 ad
593 1934 820 1989 quamlibet.
876 1936 942 1976 Sic
960 1947 1089 1976 autem
1106 1950 1176 1987 ego
1193 1937 1390 1985 existimo,
1409 1951 1470 1975 me
1485 1951 1567 1975 non

393 2007 477 2046 sinc
488 2007 599 2059 jure,
618 2005 744 2046 donec
760 2005 915 2046 meliora
931 2007 1160 2058 afferantur,
1179 2006 1229 2046 de
1248 2006 1389 2058 Marcia
1404 2020 1568 2061 quoque

395 2076 655 2127 intelligere.”
711 2076 787 2116 Sed
825 2078 920 2117 haec
949 2078 1072 2131 ipsius
1101 2077 1241 2118 Heidh.
1280 2078 1424 2127 verba,
1461 2076 1569 2115 omni

394 2148 499 2188 hanc
514 2148 776 2203 suspicionem
792 2147 917 2189 fundo
935 2163 1066 2189 carere
1082 2149 1172 2189 satis
1190 2148 1380 2189 indicant.
1431 2147 1569 2202 Itaque

397 2219 597 2275 quomodo
622 2218 717 2259 inde
745 2219 940 2270 collegerit
956 2208 1255 2260 consol'auonem
1271 2221 1313 2259 in
1330 2218 1462 2259 exsilio
1480 2232 1566 2257 me-

396 2291 464 2332 dio
491 2305 571 2331 esse
598 2291 788 2346 scriptam
816 2291 993 2346 proferre
1019 2306 1105 2332 non·
1130 2292 1278 2332 attinet.
1335 2290 1502 2339 Contra,
1521 2300 1566 2330 ut

390 2365 476 2415 jam
504 2377 551 2401 ex
579 2362 666 2402 loco
688 2362 739 2401 de
768 2363 953 2416 Dionysio
982 2363 1223 2403 verisimilius
1250 2372 1332 2412 θεῖς
1361 2376 1445 2400 eam
1474 2373 1566 2415 post

394 2433 575 2476 exsilium
605 2448 684 2474 esse
708 2434 894 2488 scriptam
911 2465 922 2485 ,
959 2436 1015 2475 sic
1044 2434 1264 2489 complures
1292 2432 1389 2472 mihi
1417 2432 1458 2472 in
1481 2433 1566 2489 ipsa

397 2505 655 2547 consolatione
679 2506 868 2560 reperisse
885 2505 1018 2546 videor
1033 2521 1116 2556 res,
1147 2505 1292 2559 quibus
1318 2503 1413 2545 haec
1438 2505 1564 2545 firme-
