1848 3122
976 292 1070 376 102*

413 440 541 496 cinia,
569 439 696 493 bella,
722 438 906 496 rapinas,
935 445 1094 482 tantum
1119 439 1388 484 Catilinarum.
1447 435 1489 483 7.
1525 438 1632 483 Mar-

415 533 510 560 cum
529 518 721 558 Catonem
740 513 774 557 si
795 530 820 556 a
842 516 975 572 Cypro
998 524 1040 558 et
1066 516 1296 558 hereditatis
1315 518 1445 571 regiae
1472 518 1632 573 dispen-

414 592 565 635 satione
594 590 830 634 redeuntem
857 606 967 635 mare
988 591 1234 645 devorasset,
1262 589 1327 632 vel
1348 605 1443 634 cum
1468 593 1537 636 illa
1560 606 1635 651 pe-

413 668 554 721 cunia,
584 675 707 723 quam
731 653 923 711 affereb‘at
946 669 1049 711 civili
1072 667 1181 709 bello
1202 668 1468 724 stipendium,
1503 684 1634 712 nonne

414 744 485 787 illo
509 744 613 787 bene
634 751 770 797 actum
793 743 931 788 foret?
968 744 1044 787 hoc
1067 752 1175 787 certe
1196 759 1333 787 secum
1356 744 1534 800 tulisset,
1563 760 1635 788 ne-

414 821 565 862 minem
587 835 780 863 ausurum
809 835 941 863 coram
963 821 1113 863 Catone
1133 834 1311 878 peccare.
1369 821 1485 863 Nunc
1511 835 1636 863 anno-

413 910 506 938 rum
526 896 697 939 adiectio
726 897 1056 954 paucissimorum
1082 897 1214 939 virum
1238 896 1412 940 libertati
1435 912 1516 940 non
1541 911 1638 940 suae

412 978 574 1013 tantum
596 972 669 1014 sed
691 972 875 1029 publicae
900 980 1040 1015 natum
1066 970 1221 1028 coiigit2'
1251 972 1455 1015 Caesa'rem
1478 972 1635 1029 fugere,

412 1048 650 1102 Pompeium
691 1050 817 1103 sequi.
887 1041 992 1090 Nihil
1027 1063 1122 1104 ergo
1150 1049 1245 1090 mali
1283 1049 1493 1091 immatura
1528 1063 1634 1091 mors

411 1121 548 1165 attulit
566 1122 644 1164 illi:
663 1123 844 1165 omnium
863 1123 982 1165 etiam
1003 1122 1201 1165 malorum
1216 1123 1367 1166 remisit
1388 1123 1634 1179 patientiam.

409 1196 453 1239 8.
494 1199 647 1242 »Nimis
678 1206 814 1240 tamen
845 1199 925 1240 cito
961 1188 1103 1255 periit,
1142 1206 1184 1240 et
1216 1199 1498 1241 immaturus.”
1547 1200 1636 1241 Pri-

408 1287 544 1328 mum,
573 1280 674 1331 puta
696 1273 814 1316 illum
832 1272 1095 1332 superfuisse:
1126 1273 1419 1331 comprehende
1437 1281 1636 1331 quantum

408 1349 632 1406 plurimum
670 1350 886 1405 procedere
919 1349 1069 1391 homini
1102 1349 1217 1392 licet:
1260 1350 1503 1406 quantulum
1538 1349 1634 1392 est?

407 1422 474 1465 Ad
507 1423 785 1467 brevissimum
810 1431 969 1481 tempus
994 1424 1117 1478 editi,
1146 1424 1226 1466 cito
1253 1425 1400 1466 cessuri
1422 1424 1535 1479 1000,
1563 1438 1636 1467 ve-

407 1501 533 1542 nienti
564 1502 607 1542 in
642 1509 807 1557 pactum
842 1500 919 1542 hoc
932 1532 945 1554 ,
984 1501 1251 1557 prospicimus
1286 1500 1518 1557 hospitium.
1548 1518 1553 1523 ·
1577 1502 1640 1544 De

408 1575 553 1618 nostris
595 1576 795 1618 aetatibus
833 1575 1001 1631 loquor,
1041 1590 1142 1631 quas
1177 1576 1402 1618 incredibili
1438 1576 1641 1636 celeritate

467 1754 620 1788 Tantum
654 1751 900 1788 Catilinarum.
943 1750 1008 1785 Oc·
1050 1749 1135 1786 Cato
1143 1777 1155 1794 ‚
1173 1751 1239 1797 qui
1252 1763 1324 1786 non
1339 1751 1445 1798 mihi,
1465 1765 1537 1789 non
1551 1755 1643 1802 eibi,

411 1813 508 1849 casio
536 1813 667 1859 Lipsii,
692 1812 762 1847 viri
793 1813 833 1846 in
853 1812 1008 1847 Senecae
1046 1811 1108 1846 sed
1123 1813 1266 1858 patriae
1288 1819 1395 1848 natus
1417 1826 1466 1849 ee.

413 1874 581 1924 operibus
600 1874 757 1910 maxime
776 1873 925 1919 versati,
949 1885 1008 1909 ex·
1096 1873 1314 1921 Hospitium.
1362 1874 1434 1911 Hac
1458 1886 1640 1924 eompara-

413 1937 648 1984 plicationem
666 1936 885 1971 stabiliendi.
911 1935 1009 1980 »Est‚
1048 1935 1147 1970 tione
1166 1936 1307 1981 gavisus
1329 1936 1400 1971 fuit
1420 1938 1552 1974 Seneca
1573 1939 1638 1986 Ep.

415 1998 491 2033 »ait
520 1998 604 2042 ille,
627 2008 695 2044 pro
724 2003 774 2032 tot
798 1996 1008 2032 Catilinas.''
1049 1995 1146 2031 LXX.
1165 1995 1190 2044 §
1208 1995 1252 2031 14
1272 2003 1450 2044 tamquam
1472 1999 1639 2046 miqratu-

415 2060 475 2095 Sic
505 2060 551 2094 de
582 2059 662 2094 Vita
695 2059 801 2096 Beata
833 2058 893 2094 XI.
926 2058 952 2106 §
989 2057 1006 2092 1
1049 2070 1110 2093 rus
1141 2058 1274 2095 habita.
1320 2059 1383 2106 Ep.
1416 2059 1512 2096 CXX.
1543 2060 1569 2109 §
1595 2061 1640 2097 15

418 2127 557 2156 tantum
581 2121 827 2155 acerrimorum
847 2120 1009 2154 hostium.
1049 2119 1126 2155 Neo
1168 2120 1306 2156 domum
1346 2134 1419 2156 esee
1461 2122 1526 2157 hoc
1563 2134 1639 2158 cor-

419 2181 473 2217 ne
492 2180 683 2227 Benef.IV‚
699 2180 782 2228 Cap.
794 2180 920 2216 XXIII.
939 2180 1010 2229 §3.
1042 2194 1136 2230 pus,
1169 2183 1231 2218 sed
1258 2183 1472 2232 hospitium,
1499 2190 1534 2219 et
1563 2185 1639 2231 qui-

418 2250 556 2278 tantum
595 2243 774 2278 stellarum
807 2243 1012 2278 innumera-
1050 2245 1127 2279 dem
1168 2245 1268 2280 breve
1304 2245 1514 2292 hospitium,
1548 2247 1641 2292 quod

418 2303 549 2340 biliam
571 2304 724 2352 refulsit.
1049 2306 1315 2354 relinquendum
1363 2311 1415 2341 ese
1428 2332 1439 2351 ‚
1492 2306 1556 2342 uhi
1606 2314 1640 2344 te

466 2365 645 2400 Libertati
663 2377 734 2398 non
758 2377 844 2400 suae
864 2371 1009 2402 tantum.
1045 2380 1189 2415 gravem
1230 2380 1302 2403 esee
1336 2366 1469 2413 hospiti
1506 2369 1638 2404 videas.

418 2426 524 2462 Forte
543 2425 699 2472 respexit
717 2425 839 2462 locum
850 2426 1009 2464 Ciceron.
1049 2428 1149 2465 Conf.
1189 2428 1283 2464 Plut.
1319 2426 1367 2463 de
1401 2429 1524 2466 exsilio
1557 2440 1640 2477 pag.

419 2488 515 2525 Orat.
546 2498 614 2535 pro
645 2486 790 2523 Murena
822 2487 848 2536 §
874 2487 933 2524 83.
958 2490 1006 2527 M.
1048 2490 1121 2527 606
1140 2489 1180 2526 Β.
