1848 3122
811 293 862 334 71

226 429 504 471 ditionissuae
523 425 664 467 venit?
722 426 980 479 Immortalia‚
1008 434 1165 469 aeterna
1189 427 1341 469 volutat
1359 431 1443 470 ani-

225 517 316 558 mo,
344 509 386 545 et
408 502 455 545 iu
476 508 641 560 nepotes
665 510 984 561 pronepotesque
1007 502 1200 562 disponit:
1226 517 1356 562 quum
1381 504 1444 550 ὶητ

224 581 342 622 terim
367 580 495 633 longa
529 586 738 621 conantem
769 593 863 621 eum
897 594 1003 621 mors
1039 581 1248 636 opprimit:
1286 588 1330 621 et
1365 580 1443 622 hoc

223 654 335 717 qupd
354 661 537 699 senectus
557 661 747 710 vocetur,
767 655 888 713 pauci
906 662 1001 698 sunt
1021 655 1208 700 circuitus
1229 670 1438 700 annorum.

281 732 367 774 XII.
421 731 543 774 Dolor
572 739 688 785 tuus,
716 746 741 773 ο
771 716 940 786 Marcia,
977 733 1011 775 si
1035 733 1155 775 modo
1180 733 1239 775 illi
1265 734 1349 776 ulla
1374 749 1440 776 ra-

224 809 280 850 tio
304 815 392 862 est,
431 814 570 850 utrum
595 821 666 850 sua
693 814 846 865 spectat
878 807 1150 862 incommoda,
1179 823 1231 850 an
1257 810 1342 853 eius
1367 811 1439 867 qui

221 882 424 926 decessit?
482 884 678 925 Utrumne
710 884 853 926 amisso
881 884 967 926 filio
991 892 1150 936 movet,
1177 886 1288 940 quod
1310 886 1441 928 nullas

220 972 269 1000 ex
288 958 359 1000 illo
375 957 603 1014 voluptates
629 959 790 1015 cepisti:
819 973 872 999 an
894 959 1006 1015 quod
1025 960 1214 1013 maiores,
1235 960 1271 1002 si
1289 960 1442 1004 diutius

156 1032 161 1037 '
220 1034 401 1087 vixisset,
430 1034 634 1090 percipere
655 1031 867 1089 potuisti?
925 1033 967 1075 Si
989 1033 1129 1076 nullas
1147 1041 1189 1076 te
1219 1037 1445 1092 percepisse

220 1108 390 1163 dixeris,
427 1107 670 1153 tolerabilius
702 1108 849 1153 efficies
880 1108 1165 1152 detrimentum
1191 1117 1328 1154 tuum:
1364 1111 1444 1154 mi-

218 1199 294 1227 nus
314 1185 421 1226 enim
443 1183 622 1226 homines
645 1174 871 1226 desiderant
889 1196 957 1236 ea,
981 1196 1030 1225 ex
1054 1185 1204 1240 quibus
1225 1186 1325 1227 nihil
1343 1201 1438 1242 gau·

218 1259 275 1302 dii
307 1260 559 1315 laetitiaeque
591 1265 870 1315 perceperunt.
929 1258 972 1300 Si
1003 1258 1180 1302 confessa
1202 1259 1323 1304 fueris
1345 1276 1440 1318 per-

218 1336 370 1393 cepisse
388 1348 551 1390 magnas
577 1334 824 1391 voluptates:
852 1340 1010 1390 oportet
1028 1341 1070 1376 te
1088 1348 1169 1377 non
1187 1335 1241 1377 de
1262 1320 1310 1378 eo
1329 1338 1441 1394 quod

219 1411 444 1454 detractum
478 1418 540 1454 est
572 1411 710 1467 queri,
749 1409 821 1452 sed
848 1409 900 1451 de
927 1424 975 1452 eo
1007 1412 1151 1466 gratias
1183 1426 1299 1467 agere
1329 1414 1441 1470 quod

215 1487 419 1542 collegisti.
481 1485 521 1527 2.
566 1486 840 1529 Provenerunt
870 1485 977 1527 enim
1003 1486 1098 1528 satis
1123 1488 1257 1542 magni
1280 1487 1437 1531 fructus

215 1562 400 1604 laborum
431 1568 594 1604 tuorum
630 1574 680 1602 ex
713 1561 799 1616 ipsa
835 1560 1089 1615 educatione,
1129 1563 1206 1604 nisi
1239 1563 1341 1605 forte
1371 1564 1440 1618 hi,

215 1638 288 1693 qui
308 1636 459 1679 catulos
484 1648 679 1691 avesque,
704 1641 745 1675 et
767 1634 905 1676 stivola
926 1636 1149 1678 animorum
1171 1637 1441 1681 oblectamen-

263 1768 352 1804 Nisi
373 1769 473 1816 soree
501 1766 558 1810 hi,
588 1766 654 1812 qui
674 1765 808 1800 catulos
846 1772 910 1813 γὰρ
937 1772 1090 1810 δίκαιον,
1113 1775 1191 1809 τοὺς
1212 1774 1274 1812 μὲν
1293 1775 1441 1811 φιλίη.

214 1842 363 1876 avesque
383 1832 453 1864 cet.
511 1827 696 1863 Praeclara
715 1825 807 1862 haec
845 1835 972 1864 reove,
992 1826 1050 1856 καὶ
1069 1827 1354 1868 φιλόρνιθας,
1378 1829 1438 1858 καὶ

213 1890 433 1937 comparatio
449 1901 523 1925 non
540 1888 630 1924 adeo
648 1887 807 1935 vulgaris

213 1957 278 1988 est.
308 1951 418 1999 Apud
439 1950 602 1986 Ocellum
620 1950 807 1985 Lucanum

212 2013 337 2049 locum
368 2017 488 2047 tamen
509 2009 634 2046 inveni
653 2008 807 2056 dignum

165 2115 168 2120 ,
213 2075 280 2122 qui
309 2086 395 2110 cum
421 2077 542 2108 nostro
564 2075 806 2118 comparetur.

212 2136 259 2171 In
279 2134 448 2183 Opuscul.
471 2132 616 2180 Mythol.
638 2132 697 2168 ed.
719 2132 806 2168 Gale

212 2209 295 2245 pag.
321 2197 405 2233 536.
425 2227 430 2232 .
521 2246 535 2254 -

253 2258 355 2289 Μετὰ
371 2257 476 2297 πάσης
501 2255 558 2286 οὖν
579 2255 727 2294 σπουδῆς
747 2255 806 2285 καὶ

213 2315 376 2355 προσοχῆς
408 2312 466 2342 δεῖ
500 2307 780 2347 καταβάλλεσθαι
793 2329 804 2346 ,

214 2373 298 2406 ὅπως
317 2374 362 2402 τὰ
383 2372 573 2413 γεννώμενα
584 2364 705 2414 (liberi
714 2363 807 2418 sqil.)

214 2428 353 2465 γενὴται
368 2428 575 2468 χαριέστατα
586 2448 596 2464 ,
614 2426 670 2456 καί
683 2424 806 2464 γεννώ-

215 2492 315 2520 μενα,
335 2481 439 2516 καλῶς
451 2482 634 2523 ἀνατροφῇ.
647 2479 724 2511 οὔτε
736 2479 806 2521 (δὲ)

845 1879 1102 1919 φιλόκυνας,
1131 1882 1218 1918 μετὰ
1241 1882 1346 1922 πάσης
1364 1883 1436 1914 ἑπι-

844 1933 981 1970 misiae
998 1935 1164 1975 φροντίδα
1179 1938 1355 1966 ποιεῖσθαι
1370 1938 1436 1967 τᾶν

845 1988 1045 2026 γινομένων,
1078 1989 1118 2023 ὡς
1145 1990 1223 2027 δεῖ,
1255 1990 1313 2020 καὶ
1338 1991 1371 2025 ἐξ
1394 1981 1437 2020 ὧν

846 2042 923 2080 δεῖ,
946 2042 1005 2072 καὶ
1023 2042 1080 2073 ὅτε
1098 2044 1174 2083 δεῖ,
1197 2044 1257 2075 καὶ
1274 2045 1342 2080 πῶς
1358 2045 1436 2075 δια-

845 2096 1001 2133 κειμένων
1018 2099 1177 2137 γίνεσθαι
1192 2099 1252 2133 τὰς
1262 2100 1367 2137 μίξεις
1380 2100 1437 2130 καί

845 2150 904 2185 τὰς
927 2153 1112 2190 κοινωνίας,
1134 2154 1195 2183 τοῦ
1213 2155 1259 2192 μὴ
1278 2152 1319 2188 ὦς
1335 2154 1437 2195 ἔτυχε

844 2207 1004 2246 γίνεσθαι
1032 2207 1076 2236 τὰ
1108 2207 1319 2247 γεννώμεναε
1361 2210 1439 2245 τούς

846 2262 886 2291 δὲ
904 2261 1100 2303 ἀνθρῶπους
1113 2263 1246 2302 μηδένα
1262 2267 1437 2295 ποιεῖσθαι

845 2316 944 2356 λόγον
970 2316 1035 2347 τῶν
1067 2317 1165 2348 ἰδίων
1186 2317 1327 2358 ἐγγόνων
1355 2318 1436 2349 ἀλλὰ

844 2371 934 2413 (καὶ)
949 2374 1067 2411 γεννᾶν
1087 2371 1128 2407 ὦς
1143 2372 1246 2414 ἔτυχε
1256 2396 1266 2412 ,
1287 2375 1343 2405 καί
1358 2386 1435 2413 γεν-

843 2428 992 2464 νωμένων
1012 2427 1181 2468 ὀλιγωρεῖν
1202 2429 1260 2458 καὶ
1279 2432 1337 2467 τῆς
1357 2439 1433 2470 τρο-

844 2483 906 2519 φῆς
926 2482 984 2511 καὶ
1004 2484 1063 2520 τῆς
1082 2482 1251 2517 παιδείας.
