1848 3122
1016 300 1076 344 80

430 448 534 492 quos
566 434 608 476 in
639 433 714 476 hoc
737 431 835 475 mihi
862 434 1018 476 interim
1045 434 1205 478 videtur
1227 435 1371 478 violare
1391 435 1570 489 fortuna,
1601 442 1647 477 ut
1689 465 1692 468 -

430 513 489 554 sic
521 511 681 567 quoque
704 511 839 565 generi
870 510 1046 554 humano
1076 512 1254 568 prosint,
1290 512 1567 566 ostendentes,
1595 523 1670 573 ne-

431 602 498 631 eos
523 585 708 644 quidem,
728 586 800 643 qui
824 586 899 631 diis
920 587 1042 644 geniti
1059 587 1235 643 deosque
1258 588 1429 642 genituri
1449 589 1648 641 dicantur,

429 664 488 704 sic
517 676 632 704 suam
658 661 859 704 fortunam
890 663 933 704 in
964 669 1160 720 potestate
1176 661 1368 715 habere„
1390 664 1650 719 quemadmo-

430 733 530 782 dum
566 739 746 781 alienam.
807 738 849 781 2.
893 740 1018 782 Divus
1054 738 1278 794 Augustus,
1311 738 1461 781 amissis
1493 739 1652 792 liberis,

430 814 668 872 nepotibus,
705 814 894 857 exhausta
920 815 1134 857 Caesarum
1161 814 1306 869 turba,
1341 813 1553 871 adoptione
1579 813 1652 856 de-

429 894 575 929 sertam
599 886 764 929 domum
789 885 914 929 fulsit.
974 886 1085 929 Tulit
1107 894 1243 929 tamen
1270 886 1442 929 fortiter:
1464 894 1650 943 tauquam

432 963 517 1005 eius
541 963 621 1004 iam
642 976 705 1005 res
729 970 932 1019 ageretur,
960 962 1074 1005 cuius
1095 976 1225 1019 quum
1246 962 1415 1004 maxime
1440 962 1646 1014 intererat,

432 1039 486 1080 de
509 1039 585 1081 diis
612 1039 811 1080 neminem
835 1039 962 1095 queri.
1023 1038 1111 1080 Tib.
1139 1039 1281 1081 Caesar
1301 1046 1342 1080 et
1363 1051 1484 1095 quem
1505 1051 1652 1093 genue-

431 1121 514 1167 rat,
552 1120 594 1154 et
631 1126 753 1169 quem
790 1113 1065 1169 adoptaverat,
1107 1113 1257 1155 amisit:
1293 1113 1380 1168 ipse
1414 1121 1548 1155 tamen
1576 1127 1650 1170 pro

432 1188 567 1230 rostris
590 1187 768 1230 laudavit
789 1187 942 1242 filium,
971 1188 1162 1245 stetitque
1184 1189 1228 1230 in
1254 1191 1493 1246 conspectu,
1524 1190 1653 1247 posito

432 1277 619 1321 corpore,
644 1264 849 1307 interiecto
872 1264 1149 1307 tantummodo
1168 1264 1410 1319 velamento,
1429 1264 1539 1322 quod
1555 1280 1652 1322 pon-

434 1339 553 1382 tificis
587 1339 722 1382 oculos
754 1354 779 1381 a
811 1339 951 1382 funere
981 1347 1153 1393 arceret,
1183 1347 1225 1387 et
1248 1339 1372 1382 flente
1397 1340 1550 1397 populo
1572 1341 1653 1382 Ro-

387 1455 392 1461 „
433 1429 553 1457 mano
580 1429 662 1457 non
686 1415 799 1457 flexit
821 1415 999 1457 vultum:
1019 1415 1303 1471 experiendum
1325 1429 1368 1458 se
1384 1415 1497 1457 dedit
1516 1416 1655 1461 Seiano

432 1491 485 1533 ad
510 1491 615 1533 latus
640 1491 784 1544 stanti,
813 1505 937 1548 quam
970 1491 1167 1548 patienter
1196 1499 1332 1548 posset
1354 1506 1447 1534 suos
1473 1491 1652 1548 perdere.

432 1566 474 1609 3.
516 1566 708 1622 Videsne,
746 1574 898 1624 quanta
932 1567 1047 1623 eopia
1080 1567 1255 1609 virorum
1286 1568 1549 1610 maximorum
1570 1568 1627 1609 sit
1640 1597 1652 1620 ,

434 1656 537 1699 quos
561 1656 644 1684 non
666 1643 827 1698 excepit
840 1641 907 1684 hio
924 1642 1055 1684 omnia
1071 1649 1323 1698 prosternens
1342 1656 1477 1695 casus,
1497 1637 1541 1683 in
1555 1656 1656 1699 quos

437 1726 499 1762 tot
534 1718 655 1761 animi
691 1718 818 1773 bona,
857 1725 919 1760 tot
951 1724 1178 1760 ornamenta
1204 1717 1367 1775 publice
1391 1718 1655 1775 privatimque

484 1880 534 1917 In
542 1880 619 1916 hoe.
626 1878 736 1916 Recte
745 1878 866 1916 Ruhk.
874 1878 939 1914 hoe
949 1890 1029 1915 oon·
1119 1877 1229 1927 Cujus
1248 1890 1356 1926 quum
1377 1879 1529 1915 maxime
1547 1879 1660 1915 inter-

434 1942 531 1978 silio.
566 1939 733 1977 Formula
757 1941 940 1989 frequens.
972 1939 1032 1976 Ad
1069 1946 1154 1975 erat.
1178 1940 1295 1989 Simili
1313 1940 1520 1976 adulatione
1536 1940 1578 1978 V.
1591 1941 1660 1977 Pa-

436 2004 599 2040 Helviam
613 2002 703 2039 XVI.
714 2002 796 2052 §12
812 2004 951 2039 alteria
965 2002 1031 2039 hoo
1068 2001 1249 2048 teroulus,
1275 2001 1325 2038 11.
1357 2001 1442 2049 Cap.
1471 2001 1587 2037 CXXX
1613 2002 1661 2038 de

438 2066 648 2113 dignitatem
667 2063 817 2110 abolit,
834 2071 875 2100 ut
892 2064 962 2100 tibi
978 2075 1030 2099 or-
1068 2063 1221 2099 Tiberio.
1250 2062 1366 2110 Quam
1381 2062 1571 2112 magnifico
1584 2065 1661 2099 ani-

438 2133 602 2163 namento
616 2127 684 2162 eit:
698 2127 788 2162 alter
799 2127 841 2161 in
855 2126 919 2163 hoe
932 2139 968 2162 ee
985 2126 1033 2162 ad
1071 2126 1123 2161 mi
1150 2132 1414 2174 temperamento
1442 2125 1505 2162 Cn.
1527 2138 1661 2174 quoque

439 2189 669 2236 tranquillam
682 2189 904 2235 quietamque
921 2189 1033 2223 vitam
1074 2186 1237 2236 Pompeji
1283 2200 1429 2224 munera
1481 2188 1663 2236 absumpta

379 2249 386 2256 ’
439 2251 586 2298 recepit,
621 2256 662 2286 ut
689 2249 760 2285 tibi
783 2256 896 2285 vacet.
932 2248 1031 2285 Cons.
1072 2249 1154 2298 iqm'
1171 2249 1350 2286 restituit?
1385 2249 1465 2297 qui,
1490 2250 1665 2298 quidquid

440 2311 489 2347 de
519 2310 578 2346 Ira
607 2311 685 2347 Lib.
717 2300 769 2347 11.
799 2310 882 2357 Cap.
914 2309 1032 2345 XXVI.
1072 2324 1239 2359 umquam
1259 2310 1472 2347 claritudine
1496 2313 1662 2357 eminuit,

439 2372 517 2422 53,
536 2376 574 2407 et
589 2371 750 2408 Lih.111.
761 2371 892 2407 XXXV.
911 2370 970 2419 §2
987 2372 1034 2408 ad
1072 2374 1113 2409 id
1156 2373 1268 2409 veluti
1317 2378 1502 2420 eoqnatum
1549 2379 1664 2410 censet

439 2435 565 2484 Polyb.
573 2432 730 2478 XXXIII,
739 2432 772 2469 4.
782 2431 1032 2481 Conf.quoque
1073 2435 1239 2472 tuendum

440 2497 636 2533 Ruhnken.
646 2495 692 2531 ad
703 2494 880 2530 Vell.·Pat.
892 2494 927 2541 2,
940 2494 995 2531 45.
