1848 3122
776 284 832 327 33

188 432 241 459 au
261 423 301 458 et
319 417 527 472 optaveris.
565 415 764 458 Permittit
779 416 884 459 enim
900 415 978 459 sibi
993 415 1187 473 quaedam
1205 423 1246 458 et
1264 420 1400 458 contra

184 492 344 539 bonum,
367 503 517 533 morem
552 504 692 547 magna
723 492 861 547 pietas.
931 491 1096 533 Mortem
1131 491 1181 534 A.
1207 491 1401 535 Cremutii

184 566 325 620 Cordi,
338 568 512 623 parentis
525 567 607 621 tui,
628 574 825 625 quantum
838 574 1016 624 poteras,
1036 568 1253 610 inhibuisti.
1283 568 1399 609 Post-

184 655 306 698 quam
344 642 416 684 tibi
450 644 629 701 aperuit,
670 644 774 686 inter
806 643 1025 686 Seianianos
1063 644 1250 687 satellites
1284 642 1395 685 illam

181 731 300 760 unam
321 727 457 776 patere
476 719 674 762 servitutis
691 719 844 776 fugam,
864 733 946 762 non
963 718 1090 762 favisti
1109 720 1272 763 consilio
1287 720 1395 773 eius,

179 831 342 863 annotat:
377 827 474 863 haud
502 828 578 863 scio
609 839 657 863 an
687 832 767 864 »est
805 830 913 865 stram
945 828 1098 865 mortem
1129 839 1204 862 non
1228 826 1394 872 videant,

177 887 333 922 formula
359 887 559 929 affirmandi
589 900 672 924 cum
705 901 768 924 re·-
805 894 944 934 optare,
991 888 1091 936 quod
1133 887 1201 934 ipsi
1233 893 1397 934 parentes

178 948 339 984 tentione
369 948 525 996 quadam
555 960 638 996 pro:
673 949 768 985 haud
804 952 941 995 optant.

176 1010 252 1045 scio
271 1012 426 1046 annon.''
480 1009 581 1046 Conf.
603 1010 697 1046 Ibid.
720 1009 768 1046 ad
853 1010 1000 1046 Mortem
1015 1028 1063 1037 -—
1080 1010 1283 1046 inhibuisti.
1305 1009 1398 1057 Ergo

178 1071 256 1108 Lib.
276 1071 343 1108 III.
369 1071 396 1120 §
416 1073 464 1108 55
484 1077 521 1107 et
542 1072 589 1107 ad
607 1072 685 1108 Lib.
704 1071 764 1108 IV.
805 1077 954 1109 noverat
970 1073 1097 1108 Marcia
1113 1077 1251 1118 patrem
1268 1072 1308 1107 in
1322 1073 1397 1107 ani-

175 1132 202 1182 §
241 1133 300 1169 52.
343 1132 390 1169 de
430 1132 586 1169 formula
633 1132 764 1169 simili:
803 1144 864 1169 mo
875 1133 1009 1169 hahere
1020 1145 1147 1169 manus
1159 1133 1227 1168 sibi
1242 1133 1395 1170 inferre?

176 1195 305 1230 Nescio
329 1195 465 1241 ecquid.
538 1194 542 1198 '
801 1192 849 1227 At
861 1193 944 1239 Cap.
961 1194 1069 1229 XXII.
1091 1194 1222 1229 diserte
1240 1194 1395 1229 traditur

223 1254 363 1290 Bonum
380 1267 518 1290 morem.
554 1247 693 1302 Lipsius
705 1266 764 1290 ex·
802 1252 860 1289 Cr.
881 1253 1038 1289 Cordum
1064 1254 1178 1289 filiam
1206 1253 1394 1300 fefellisse,

175 1317 300 1364 plicat:
334 1324 454 1353 contra
482 1328 609 1352 morem
627 1329 671 1351 ex
693 1316 765 1364 leqe
803 1319 839 1350 et
868 1314 962 1351 clam
994 1315 1058 1351 illa
1088 1327 1107 1352 a
1136 1327 1248 1352 coena
1284 1316 1395 1352 absti-

175 1385 334 1414 natume.
394 1377 463 1413 Sed
495 1377 546 1413 sic
575 1389 701 1413 morem
728 1382 765 1413 et
802 1375 933 1412 nuisse.
982 1374 1177 1412 Difficultas
1206 1378 1256 1412 sic
1284 1389 1396 1425 expe-

175 1440 283 1489 legem
303 1438 525 1475 confundere
545 1439 637 1473 mihi
658 1438 762 1474 vide·
801 1436 935 1473 dienda
952 1438 1045 1473 mihi
1066 1438 1222 1473 videtur.
1274 1438 1394 1483 Quum

175 1506 251 1546 tur,
275 1512 369 1547 quae
394 1505 514 1535 tamen
540 1500 647 1546 longe
668 1500 763 1534 inter
800 1498 935 1534 Cordus
969 1509 991 1534 a
1025 1499 1143 1545 Sejani
1180 1500 1393 1535 satellitibus

172 1574 209 1597 se
236 1561 381 1597 differre
407 1572 514 1596 nemo
542 1560 666 1595 nescit.
720 1559 764 1594 Et
800 1560 1028 1595 infestaretur
1060 1561 1137 1605 jam
1169 1561 1395 1597 voluntariae

173 1635 239 1658 cur
258 1627 336 1658 tum
357 1620 548 1658 addidisset
565 1625 690 1656 auctor
707 1620 763 1655 bo·
801 1619 925 1655 mortis
938 1620 1129 1656 consilium
1145 1621 1241 1657 iniit.
1290 1622 1394 1666 Quod

172 1697 275 1729 num,
300 1683 347 1719 de
369 1695 409 1719 re
434 1682 536 1718 fatali
557 1682 764 1718 necessitate
801 1681 962 1717 oratione
993 1682 1040 1717 ad
1070 1682 1239 1718 Senatum
1271 1683 1397 1719 habita

172 1744 377 1789 constricta,
402 1743 448 1780 ad
475 1754 586 1790 quam
605 1742 764 1778 humana
800 1743 971 1790 patefecit
991 1743 1113 1792 (Tacit.
1137 1744 1232 1782 Ann.
1256 1745 1322 1790 IV,
1345 1745 1394 1782 34

151 1794 324 1842 ‘assensio
359 1805 454 1840 nihil
484 1816 569 1839 sane
600 1804 762 1840 faceret?
800 1808 837 1844 et
857 1803 932 1852 35).
981 1805 1054 1840 Hoc
1084 1806 1194 1841 celari
1222 1806 1390 1842 Marciam

170 1867 338 1914 Respexit
372 1866 518 1903 fortasse
552 1866 686 1902 Seneca
715 1865 762 1901 ad
798 1876 873 1900 non
892 1865 1045 1911 potuisse
1070 1866 1259 1903 intellectu
1280 1867 1388 1904 facile

170 1940 326 1973 morem,
366 1940 440 1976 quo
479 1927 585 1972 Cato,
625 1926 761 1974 aliique
799 1930 862 1961 est.
922 1925 1117 1962 Consilium
1151 1926 1263 1975 igitur
1294 1929 1390 1965 illud

171 2004 256 2027 vere
273 1991 445 2036 Romani,
467 1990 651 2036 desperata
665 1989 758 2036 reip.
797 1986 984 2024 dehortata
1002 1994 1054 2024 est
1075 1988 1233 2037 (mortem
1256 1979 1390 2038 patr-2⁸⁸⁸,

170 2063 291 2097 causa,
312 2063 438 2086 manus
459 2050 527 2086 sibi
548 2049 757 2087 intulerant.
798 2056 967 2096 quantum
1010 2052 1152 2098 potuit,
1202 2052 1389 2102 inhibuit).

170 2116 285 2159 Quem
300 2125 435 2150 morem
455 2117 675 2160 quantopere
696 2124 758 2148 no·
797 2111 949 2157 Cordus,
983 2111 1094 2148 ffliam
1130 2113 1391 2151 inexorabilem

170 2180 242 2210 ster
272 2174 475 2222 probaverit
495 2173 659 2209 videmus
693 2174 758 2220 Ep.
796 2172 1388 2223 videns,eamfefellit(Cap.XXII.

170 2237 309 2274 XXVII.
330 2236 356 2287 §
362 2237 398 2274 9.
420 2236 483 2284 Ep.
502 2235 625 2271 LVIII.
649 2234 675 2284 §
696 2235 757 2273 33.
796 2234 822 2284 ς
843 2233 897 2284 4),
918 2247 941 2272 a
961 2247 1073 2272 coena
1090 2235 1184 2272 clam
1199 2237 1388 2284 abstinuit,

170 2303 208 2333 et
227 2298 338 2344 hujus
363 2298 449 2333 libri
474 2297 555 2344 Cap.
579 2297 650 2333 XX.
673 2296 699 2345 §
721 2297 757 2332 4.
797 2302 835 2332 et
865 2302 943 2333 tum
972 2297 1140 2343 demum,
1170 2310 1286 2345 quum
1308 2300 1386 2346 jam

171 2359 373 2407 Simplicior
422 2372 507 2397 vero
554 2357 758 2407 explicandi
792 2358 870 2406 jam
901 2364 1053 2396 mortem
1083 2358 1247 2397 obiturus
1276 2366 1385 2405 esset,

172 2420 262 2456 ratio
291 2420 382 2457 haec
412 2427 464 2458 est
492 2426 534 2457 ut
556 2421 664 2457 bonus
686 2433 760 2456 moa
796 2420 893 2457 filiae
909 2433 988 2457 rem
1003 2422 1145 2468 aperuit
1152 2436 1162 2467 3
1187 2434 1281 2469 quae
1302 2429 1387 2458 tunc

172 2483 231 2519 sit:
267 2487 389 2531 optare
426 2489 467 2520 ut
498 2488 661 2532 parentes
698 2494 760 2519 no·
802 2483 899 2519 victa
919 2495 1045 2519 manus
1065 2483 1171 2520 dedit.

1165 2547 1191 2588 3

1838 287 1848 595 -M*-.
1841 241 1845 259 .-
1841 177 1844 199 ,ἡ
1841 154 1844 163 -
