1848 3122
999 274 1058 315 64

410 407 553 465 Rapite
587 421 636 450 ex
672 406 809 450 liberis
845 406 1096 464 voluptates,
1139 409 1326 455 fruendos
1364 426 1433 458 vos
1467 413 1631 455 invicem

407 482 543 526 liberis
565 483 681 535 date,
711 489 753 524 et
779 476 1083 527 sine'dilatione
1106 499 1224 528 omne
1247 487 1439 542 gaudium
1461 487 1627 531 haurite.

407 558 512 601 Nihil
536 554 598 604 ‚de
629 557 823 602 hodierna
859 560 925 602 die
964 561 1225 617 promittitur.
1286 562 1409 606 Nimis
1445 554 1627 621 magnam

403 633 699 677 advocationem
730 633 847 680 dedi:
885 635 986 679 nihil
1006 636 1058 679 de
1082 635 1158 679 hac
1177 634 1286 680 hora.
1347 631 1628 685 Festinandum

402 718 485 754 est:
522 711 644 754 instat
672 726 697 753 a
727 719 839 769 tergo
862 728 993 756 mors:
1021 711 1101 755 iani
1126 713 1345 757 disiicietur
1366 703 1444 758 iste'
1462 719 1629 760 comita·

402 865 478 903 001.
519 874 727 916 exemptum.
796 867 998 904 Gronovius

401 927 489 964 inde
502 928 682 966 emendat:
704 935 883 977 tamquam
899 941 996 966 exce·

395 997 501 1038 ptam
516 992 656 1027 auctori
665 991 860 1040 possideas.
881 991 997 1036 Quam

400 1053 617 1099 lectionem,
642 1066 759 1101 quum
778 1058 815 1089 et
834 1053 881 1089 ad
899 1040 996 1089 codil

398 1125 484 1150 cum
503 1099 721 1162 scripturam
747 1115 892 1161 vulgata
913 1126 994 1161 pro-

397 1177 479 1224 pius
510 1176 679 1223 accedat,
703 1169 848 1224 locique
879 1175 993 1223 expli·

397 1239 577 1277 cationem
609 1250 695 1275 cum
724 1238 908 1274 creditoris
928 1237 993 1274 illa

397 1301 665 1349 comparatione
684 1300 822 1348 optime
840 1311 993 1346 congru-

397 1367 520 1399 entem
539 1362 726 1410 praebeat,
744 1360 993 1409 recipiendam

395 1425 503 1462 duco.
553 1425 716 1473 Explicat
735 1424 806 1461 sic:
829 1423 992 1460 »Intelli-

394 1488 538 1534 »gimus
551 1494 728 1523 auctorem
738 1486 846 1521 illum
853 1513 864 1531 ,
884 1497 906 1521 a
916 1496 991 1533 qno

394 1549 668 1586 »anctoritatem
695 1553 733 1585 et
756 1548 819 1596 jus
848 1552 990 1585 nostrae

395 1611 645 1658 »possessionis
662 1609 892 1652 deducimus,
925 1609 991 1654 qui

396 1671 524 1707 »nohis
533 1670 785 1707 auctoritatem
799 1672 837 1703 et
847 1667 991 1704 evictio·

395 1745 504 1769 »nem
514 1737 683 1780 praestat.
705 1730 775 1776 Qui
784 1730 990 1766 alienabant

394 1794 578 1842 »aliquid‚
612 1793 775 1829 solebant
800 1790 988 1827 interdum

391 1859 573 1906 »excipere
592 1867 721 1891 manus
738 1853 985 1901 injectionem:

392 1919 486 1955 »hoc
517 1923 571 1954 est
591 1915 819 1953 reservabant
838 1915 907 1950 sihi
924 1914 986 1961 jus

393 1981 471 2017 »rei
497 1979 689 2023 alienatae,
717 1976 820 2025 quasi
838 1975 885 2011 ab
906 1987 986 2011 em-

392 2047 518 2089 »ptore
551 2039 760 2082 fiduciario,
796 2036 985 2072 commodo

393 2114 482 2139 »suo
511 2100 734 2138 revocandae
765 2103 803 2134 et
820 2102 984 2145 repeten-

392 2165 497 2202 »dae.
541 2164 669 2211 Itaque
686 2164 854 2209 apparet,
875 2170 985 2206 quam

393 2225 600 2274 »eleganter
620 2225 754 2260 Seneca
773 2220 903 2270 jubeat
922 2232 986 2256 nos

392 2293 566 2336 »putare‚
589 2275 731 2334 qnod‘a
760 2283 906 2320 fortuna
925 2281 985 2319 da-

391 2355 496 2386 »tum
527 2353 599 2393 est,
633 2355 812 2394 tamquam
848 2346 986 2380 auctori

390 2419 597 2462 ›ieaeceptum
612 2409 811 2459 possideri:
830 2407 899 2443 hoc
911 2412 962 2443 est
973 2436 983 2453 ‚

391 2476 465 2512 »ita
485 2473 602 2512 teneri
613 2501 623 2519 ,
645 2476 685 2508 ut
701 2470 856 2507 sciamus
866 2473 984 2506 ancto-

1034 879 1137 904 »rem
1148 868 1343 905 Fortunam
1352 873 1501 916 repeten
1508 867 1542 905 li
1550 868 1585 917 ej
1588 881 1630 906 us

1033 929 1341 981 »vindicandique
1370 942 1510 978 semper
1537 931 1625 967 libe-

1034 1003 1140 1027 »rum
1146 992 1371 1039 jusservasse
1386 994 1408 1012 ''
1434 992 1536 1029 Cons-
1544 993 1626 1040 ejus

1033 1057 1118 1089 nota
1129 1053 1286 1100 egregia.
1311 1052 1535 1101 Ruhkopfius
1547 1059 1623 1091 tue-

1033 1118 1109 1149 tur:
1136 1121 1314 1162 tamquam
1342 1122 1537 1163 exemptum
1556 1129 1624 1153 aa·

1031 1180 1124 1209 ctare
1135 1176 1330 1222 possideat.
1356 1175 1441 1222 Ejus
1461 1188 1547 1212 vero
1567 1189 1622 1214 ra-

1029 1236 1146 1273 tiones
1165 1237 1297 1285 quibus
1313 1238 1484 1274 Gronovii
1501 1251 1621 1275 emen-

1030 1297 1215 1335 dationem
1234 1299 1420 1346 refellere,
1441 1312 1542 1336 suam
1557 1306 1623 1337 sta-

1030 1360 1137 1397 bilire
1154 1366 1324 1407 conatur,
1342 1374 1416 1398 non
1433 1361 1623 1399 admitten-

1029 1422 1098 1460 dae
1116 1423 1210 1459 mihi
1227 1424 1323 1461 visae
1342 1430 1438 1467 sunt.
1480 1425 1623 1462 Idcirco

1027 1485 1258 1522 scribendum
1272 1491 1362 1533 puto
1379 1498 1466 1522 cum
1487 1488 1620 1524 Grono-

1027 1546 1106 1583 viot
1141 1554 1320 1595 tamquam
1349 1555 1529 1596 exceptum
1557 1562 1619 1586 au-

1029 1609 1120 1644 ctori
1136 1608 1335 1654 possideas.

1077 1668 1242 1705 Ham-ite.
1282 1668 1392 1705 Ludit
1410 1674 1531 1706 noster
1549 1670 1619 1707 hoc

1027 1731 1138 1766 verbo
1155 1731 1219 1778 Ep.
1241 1731 1359 1767 XCIX.
1375 1731 1402 1780 §
1422 1732 1458 1769 6.
1484 1731 1619 1782 Aequi·

1024 1804 1182 1828 escamus
1207 1792 1264 1828 his
1293 1795 1477 1842 quaejam
1498 1794 1617 1831 hausi-

1023 1867 1124 1890 mus:
1148 1855 1184 1890 si
1212 1855 1312 1890 modo
1342 1867 1414 1891 non
1433 1857 1615 1903 perforato

1023 1916 1143 1950 animo
1157 1915 1403 1952 hauriebamus
1415 1943 1425 1960 ‚
1449 1924 1483 1952 et
1503 1925 1614 1955 trans·

1023 1977 1180 2012 mittente
1219 1977 1396 2025 quidquid
1423 1987 1613 2026 acceperat.

1023 2038 1228 2085 Metaphora
1256 2050 1277 2074 a
1306 2039 1455 2085 poculis.
1503 2040 1615 2087 Virgi-

1023 2098 1095 2134 lius
1114 2098 1205 2136 Aen.
1228 2099 1258 2135 1.
1280 2098 1364 2136 738.

1299 2166 1360 2198 Ille
1369 2167 1499 2210 inpiger
1506 2166 1617 2201 hausit

1024 2222 1231 2263 Spumantem
1233 2229 1395 2265 pateram.

1065 2284 1184 2321 Instat
1194 2298 1215 2320 a
1226 2291 1321 2334 tergo
1331 2296 1422 2320 mors
1432 2289 1614 2334 tamquam

1022 2346 1145 2382 hostis.
1171 2346 1235 2393 Ep.
1249 2345 1366 2382 XLIX.
1389 2345 1415 2394 ς
1426 2346 1461 2383 7.
1489 2348 1618 2385 Securi

1023 2415 1095 2453 est,
1132 2414 1166 2444 ee
1196 2420 1240 2443 ex
1266 2408 1441 2443 commodo
1461 2411 1614 2460 migran-

1023 2471 1087 2515 tis,
1107 2471 1246 2506 minuta
1265 2471 1478 2518 conquirere.
1501 2472 1616 2521 Quum
