1848 3122
766 284 846 326 113

194 436 284 464 rum
311 433 406 459 cura
439 429 566 472 usque
596 417 649 458 ad
677 416 876 459 decimum
914 425 1099 474 quartum
1129 431 1279 458 annum
1305 420 1400 462 fuit:

193 495 270 539 sub
291 493 426 535 matris
452 492 578 535 tutela
602 506 769 549 semper.
794 548 798 550 Π

193 578 272 623 tes,
308 568 529 626 relinquere
555 576 643 611 tuos
669 568 809 611 noluit.

191 646 415 688 chritudine
425 678 438 701 ,
468 653 607 687 cetero
626 645 799 702 corporis

830 494 966 547 Quum
986 492 1147 536 haberet
1170 508 1263 536 suos
1285 507 1403 550 pena·

869 568 1104 612 Adolescens
1129 572 1279 612 statura
1304 570 1402 627 pul-

825 644 966 687 robore
998 648 1133 688 castris
1160 655 1296 700 natus,
1327 648 1405 688 mi·

190 720 313 762 litiam
337 721 554 773 recusavit,
582 734 633 761 ne
651 735 675 761 a
696 727 738 762 te
756 720 987 773 discederet.
1047 722 1266 777 Computa,
1296 723 1402 763 Mar-

190 797 271 850 cia,
299 811 421 853 quam
448 810 535 838 raro
560 795 703 838 liberos
735 796 917 850 videant,
947 811 1049 853 quae
1073 798 1116 838 in
1142 797 1305 840 diversis
1329 797 1402 840 do-

190 872 322 916 mibus
353 872 554 913 habitant:
582 855 731 928 cogita,
769 872 941 914 totillos
962 874 1091 929 perire
1118 887 1239 915 annos
1264 875 1400 916 matri-

191 948 291 1001 bus,
319 955 360 989 et
383 962 457 1003 per
479 947 770 990 solicitudinem
791 948 915 1003 exigi,
944 949 1092 1003 quihus
1114 948 1217 991 filios
1239 950 1282 991 iu
1299 964 1405 992 exer-

190 1024 275 1064 citu
303 1022 472 1064 habent:
510 1024 607 1065 scies
637 1023 813 1065 multum
839 1023 1012 1078 patuisse
1040 1023 1116 1065 hoc
1143 1032 1323 1080 ternpus,
1360 1038 1408 1065 ex

190 1114 272 1155 quo
304 1099 403 1141 nihil
433 1100 655 1155 perdidisti.
716 1098 756 1140 2.
800 1100 1012 1155 Nunquam
1037 1113 1060 1139 a
1092 1109 1309 1156 conspectu
1336 1109 1407 1144 tuo

190 1175 371 1217 recessit:
410 1173 487 1217 sub
521 1174 644 1217 oculis
677 1175 756 1217 tuis
788 1157 926 1216 studia·
949 1174 1153 1229 formavit,
1182 1176 1407 1219 excellentis

189 1252 356 1307 ingenii,
395 1260 436 1294 et
469 1253 676 1308 aequaturi
706 1266 847 1305 avum,
876 1252 950 1294 nisi
977 1251 1194 1294 obstitisset
1216 1265 1408 1313 verecun-

191 1325 278 1380 dia,
307 1339 409 1383 quae
431 1326 651 1369 multorum
676 1325 877 1383 profectus
904 1326 1059 1369 silentio
1084 1328 1238 1383 pressit.
1300 1326 1408 1369 Ado-

191 1402 342 1445 lescens
376 1404 592 1445 rarissimae
623 1401 768 1444 formae
779 1433 791 1456 ,

832 1403 874 1443 in
905 1410 988 1444 tam
1020 1404 1164 1460 magna
1190 1402 1403 1445 mulierum

190 1478 308 1520 turba
343 1479 444 1521 viros
469 1478 827 1534 corrumpentium,
857 1478 1006 1520 nullius
1032 1479 1117 1534 spei
1139 1491 1181 1520 se
1199 1478 1404 1535 praebuit:

190 1560 231 1595 et
253 1568 381 1610 quum
404 1553 654 1611 quarundam
674 1566 801 1610 usque

190 1687 369 1722 rationem
395 1685 524 1733 procul
546 1684 659 1721 dubio
676 1685 780 1719 iniis-

188 1753 253 1784 set.
310 1748 401 1782 Nam
430 1759 478 1782 ne
509 1751 596 1781 tunc
628 1745 777 1793 quidem

188 1811 326 1841 veteres
366 1806 570 1841 consolandi
611 1807 777 1841 omnibus

187 1868 340 1904 caruisse
353 1867 550 1904 rationibus
559 1867 686 1915 probat
695 1867 775 1904 Plu-

187 1930 304 1965 tarchi
321 1930 439 1975 locus,
456 1929 592 1966 Consol.
603 1930 650 1966 ad
659 1929 776 1978 Apoll.

114 1988 117 1991 ⁴
188 1991 248 2028 ed.
268 1991 454 2040 Wyttenb.
472 2003 554 2039 pag.
574 1991 661 2038 470,
679 1991 776 2028 Tom.

189 2054 219 2088 1.
244 2065 327 2100 pag.
352 2054 386 2089 2.

240 2114 522 2151 Solioitudimm.
589 2114 685 2150 Bene
721 2115 778 2150 le-

190 2188 276 2222 gere
306 2175 398 2212 mihi
427 2175 572 2211 videtur
598 2175 669 2211 hoc
698 2176 778 2211 loco

169 2240 171 2243 ⁴
192 2235 390 2273 Gronovius
416 2235 658 2281 solitudinem,
681 2241 725 2272 ut
743 2240 779 2272 et

191 2295 404 2334 Pincianum
413 2298 535 2333 secisse
546 2302 695 2333 testatur
703 2298 779 2335 ille.

192 2357 326 2393 Eadem
347 2360 503 2396 occurrit
517 2359 719 2405 corruptela
735 2359 781 2394 de

193 2420 321 2467 Tranq.
333 2421 404 2458 XV.
416 2421 442 2470 §
454 2423 495 2468 5,
510 2421 575 2457 ubi
585 2420 783 2457 Gronovius

195 2494 260 2528 pro
291 2483 334 2517 in
367 2483 592 2519 solitudinem
626 2482 783 2522 restituit

821 1552 874 1595 ad
897 1553 1143 1595 tendandum
1163 1555 1404 1611 pervenisset

817 1697 839 1720 e
857 1685 1071 1732 quibusdam
1091 1686 1198 1723 codd.
1222 1689 1265 1721 in
1284 1688 1408 1723 solici-

816 1746 983 1791 tudinem.
1006 1746 1098 1782 Vere
1109 1747 1308 1784 Gronovius
1317 1749 1407 1785 »sol-

814 1806 990 1841 »licitudo
1000 1812 1191 1851 parentum
1205 1819 1405 1853 numquam

815 1872 947 1903 »cessat
967 1867 1074 1903 etiam
1096 1867 1143 1903 de
1159 1868 1405 1915 praesentibus

815 1934 877 1964 »et
901 1929 967 1964 suh
996 1918 1109 1964 oculis
1130 1941 1256 1965 eorum
1278 1931 1407 1966 viven-

816 1990 935 2026 »tibus
954 1989 1113 2026 liberis.''
1150 1990 1269 2037 Objici
1289 1997 1406 2038 posset

817 2059 867 2088 tot
892 2053 972 2088 illos
985 2054 1102 2100 perire
1128 2065 1238 2088 annos
1260 2053 1311 2088 sic
1328 2054 1406 2099 jam

817 2112 993 2149 efficacius
1021 2126 1095 2149 esse
1122 2113 1271 2150 dictum.
1320 2114 1407 2150 Con-

818 2176 908 2212 cedo
934 2175 998 2211 sed
1026 2176 1210 2222 sequentia
1235 2188 1297 2223 per
1319 2176 1406 2211 eoli-

818 2237 976 2273 tudinem
992 2238 1109 2285 exigi,
1133 2235 1226 2282 quid
1245 2236 1336 2271 velit
1355 2237 1418 2271 in-‘

819 2299 937 2346 telligi
974 2302 1097 2334 auctor
1134 2297 1245 2333 verbo
1269 2299 1408 2346 perire,

821 2360 1019 2396 accuratius
1029 2358 1218 2394 definiunt.
1239 2359 1409 2394 Similiter

821 2421 906 2468 Cap.
937 2422 985 2458 ΙΙ.
1017 2419 1041 2469 §
1071 2420 1094 2456 5
1126 2420 1262 2469 defodit
1291 2432 1344 2464 se,
1377 2423 1410 2453 et

823 2483 973 2521 abdidit.
