1848 3122
991 285 1073 327 112

418 418 462 463 in
494 419 624 478 primo
651 425 941 461 maturuerunt.
1003 416 1044 460 3.
1081 419 1190 479 ‘Ignis
1222 429 1304 476 quo
1335 418 1475 462 clarior
1500 417 1636 474 fulsit,

419 497 536 540 citius
569 495 854 550 exstinguitur:
891 494 1058 537 vivacior
1089 503 1171 550 est,
1200 496 1272 552 qui
1300 510 1394 538 cum
1426 496 1532 539 lenta
1557 494 1637 537 dif-

418 572 593 628 ficilique
623 570 786 612 materia
820 570 1076 624 commissus,
1114 570 1560 626 fumoquedemersus,
1589 583 1637 612 ex

415 647 575 689 sordido
604 647 733 689 lucet:
771 646 912 687 eadem
936 647 1042 688 enim
1069 646 1222 686 detinet
1249 659 1386 698 causa,
1416 661 1520 701 quae
1547 661 1634 688 ma-

414 722 523 778 ligne
558 721 642 763 alit.
701 721 766 763 Sic
801 721 955 776 ingenia
987 733 1071 776 quo
1102 719 1339 773 illustriora,
1380 733 1429 760 eo
1460 719 1639 761 breviora

366 836 369 839 .
412 805 522 840 sunt.
582 798 683 840 Nam
715 796 788 840 ubi
820 797 1064 839 incremento
1097 795 1208 838 locus
1245 810 1327 838 non
1361 802 1447 850 est,
1485 795 1638 838 vicinus

413 887 573 916 occasus
607 880 681 916 est.
741 873 936 916 Fabianus
971 873 1049 926 ait,
1080 872 1193 929 quod
1228 872 1353 915 nostri
1378 885 1540 929 quoque
1565 885 1640 928 pa-

414 959 546 994 rentes
566 950 701 994 videre
714 982 726 1004 ,
755 965 928 1007 puerum
950 950 1100 992 Romae
1121 948 1265 1004 fuisse,
1294 956 1445 992 statura
1469 949 1637 1004 ingentis

414 1027 507 1068 viri:
535 1026 613 1077 sedi
640 1026 706 1068 hic
733 1027 814 1067 cito
835 1026 1028 1078 decoesit3
1057 1033 1098 1066 et
1124 1026 1361 1067 moriturum
1385 1025 1497 1066 brevi
1521 1038 1637 1066 nemo

411 1115 493 1143 non
513 1101 691 1157 prudens
711 1094 824 1141 dixit.
884 1102 973 1142 Non
997 1108 1154 1156 poterat
1182 1102 1289 1142 enim
1314 1101 1366 1141 ad
1393 1100 1503 1145 illam
1529 1087 1636 1143 aeta-

411 1182 495 1217 tem
529 1175 758 1233 pervenire‚
797 1189 922 1233 quam
947 1181 1215 1232 praeceperat.
1275 1175 1336 1217 Ita
1359 1181 1420 1217 est
1446 1174 1638 1218 indicium

410 1252 651 1294 imminentis
684 1252 792 1294 exitii
821 1252 1029 1294 maturitas
1042 1283 1055 1305 ‚
1084 1259 1126 1293 et
1153 1251 1308 1308 appetit
1335 1250 1449 1306 finis,
1482 1251 1554 1294 ubi
1573 1252 1645 1294 in-r

411 1334 612 1369 crementa
640 1333 848 1369 consumta
877 1333 984 1369 sunt.

468 1404 609 1446 XXIV.
652 1403 789 1459 Incipe
824 1402 1040 1445 virtutibus
1079 1402 1217 1457 illum,
1257 1418 1339 1446 non
1373 1404 1484 1447 annis
1520 1404 1638 1447 aesti-

409 1492 539 1530 mare:
575 1478 669 1522 satis
700 1478 773 1520 diu
803 1478 914 1520 vixit.
981 1477 1166 1535 Pupillus
1196 1478 1381 1533 relictus,
1419 1479 1497 1522 sub
1524 1486 1636 1522 tuto-

458 1622 513 1656 Eo
532 1622 703 1656 breviora.
737 1620 849 1666 Lipsii
871 1619 1005 1654 codicis
1041 1624 1160 1664 patur.
1192 1620 1250 1654 Ibi
1269 1620 1482 1655 conceditur
1500 1620 1572 1655 hoc
1590 1620 1636 1655 de

408 1681 519 1716 lectio
547 1682 708 1715 breviora
729 1679 857 1714 omisso
881 1690 920 1712 eo
941 1677 1006 1712 fir-
1043 1678 1177 1713 Metilio
1219 1679 1369 1725 quidem
1405 1680 1479 1714 dici
1515 1691 1636 1726 posse,

409 1748 531 1779 matur
550 1742 613 1789 Ep.
631 1741 783 1777 CXXIII.
801 1739 896 1788 511.
913 1739 1004 1775 Plus
1041 1751 1115 1775 non
1148 1751 1234 1776 vero
1259 1740 1306 1776 de
1327 1741 1545 1788 infantibus,
1569 1742 1636 1790 qui

406 1805 502 1838 enim
520 1803 691 1851 gaudebit
708 1808 771 1836 tua
787 1808 895 1835 morte
905 1827 916 1845 ‚
933 1812 1002 1847 quo
1040 1805 1223 1847 acceptam
1252 1802 1364 1837 vitam
1393 1803 1514 1837 statim
1534 1803 1637 1838 amit-

399 1866 485 1915 plus
514 1864 710 1913 acceperit:
751 1874 818 1910 pro
851 1874 891 1897 eo
915 1862 1002 1910 plus
1040 1865 1136 1907 tant,
1168 1866 1203 1897 et
1234 1862 1285 1898 sic
1315 1862 1411 1898 nihil
1441 1863 1530 1900 boni
1557 1863 1635 1901 fere

406 1929 502 1962 enim
518 1931 586 1962 cet.
612 1926 655 1961 Et
669 1925 715 1961 ad
726 1925 870 1960 Livium
881 1924 1000 1960 XXVI.
1040 1924 1264 1971 acceperint,
1277 1936 1345 1960 nee
1356 1925 1553 1962 effecerint.
1564 1926 1635 1962 Sed

407 1981 490 2036 Cap.
522 1988 592 2023 XX.
627 1986 652 2036 §
680 1988 704 2022 5
734 1986 792 2022 ed.
819 1986 1000 2022 Drakenb.
1040 1986 1175 2022 Seneca
1204 1986 1244 2022 in
1265 1987 1385 2023 animo
1410 1976 1545 2024 hahere
1567 2000 1634 2036 po-

405 2050 591 2086 confertur
606 2050 707 2085 locus
722 2049 877 2084 Senecae
891 2048 1002 2095 patris
1040 2049 1148 2084 tuisse
1168 2061 1243 2084 non
1260 2048 1406 2084 videtur
1423 2061 1534 2084 unam
1552 2061 1634 2084 ean-

405 2112 447 2146 in
466 2110 579 2157 praef.
600 2110 678 2146 Lib.
697 2110 726 2145 1.
745 2098 912 2145 Contro‘v.
932 2122 1000 2156 quo
1040 2109 1196 2158 demque
1236 2110 1516 2147 consolationem
1549 2110 1634 2145 scri-

399 2173 510 2220 plum
538 2172 695 2218 exempla
717 2172 878 2217 impacta
896 2177 1000 2216 eum,
1039 2172 1126 2208 bere
1139 2199 1150 2217 ,
1206 2184 1278 2219 qua
1333 2184 1632 2219 unumquemque

398 2234 486 2282 plue
497 2234 537 2268 in
553 2232 787 2280 eloquentiam
802 2231 1000 2279 proficitur.
1039 2233 1180 2269 amissos
1218 2233 1404 2280 lugentem
1436 2232 1632 2269 consolare-

458 2294 557 2330 Satis
577 2295 641 2329 diu
661 2294 768 2329 vixit.
805 2293 879 2328 1100
899 2304 1000 2339 argu-
1039 2300 1111 2332 tur.
1155 2295 1323 2331 Marciam
1342 2294 1517 2331 consolari
1538 2295 1632 2332 vole-

404 2360 572 2391 mentum
591 2355 631 2389 in
652 2354 765 2399 libro,
790 2354 858 2400 qui
879 2354 1000 2389 inscri—
1038 2357 1099 2392 bat
1119 2356 1166 2392 de
1185 2356 1253 2391 filii
1268 2361 1405 2400 morte,
1426 2357 1490 2403 qui
1509 2369 1550 2392 re
1570 2368 1631 2392 ve-

404 2419 505 2455 hitur
518 2430 592 2455 van
606 2416 784 2464 Kampens
796 2417 885 2464 Mag.
902 2417 998 2455 Tom.
1037 2431 1078 2455 ra
1116 2419 1198 2454 satis
1236 2417 1386 2453 vixerat.
1446 2419 1483 2454 Si
1514 2419 1632 2463 infans

404 2481 436 2518 I.
462 2493 501 2527 p.
521 2481 567 2525 2,
594 2491 677 2527 pag.
702 2479 771 2516 189
791 2491 869 2526 sqq.
875 2507 886 2524 ,
918 2480 997 2516 cul·
1038 2485 1201 2517 mortuus
1211 2479 1412 2517 essetaliam
1422 2481 1631 2518 consolandi

1773 1096 1777 1292 t
