1848 3122
808 281 865 324 83

223 421 406 459 auctore:
432 421 566 457 tamen
590 419 633 456 et
657 412 838 456 acerbam
857 420 1030 458 mortem
1054 412 1148 468 filii,
1177 420 1220 459 et
1243 413 1435 470 inultam,

221 498 302 534 tam
342 502 485 545 magno
522 489 651 530 animo
692 487 808 542 tulit,
850 504 971 546 quam
1008 489 1092 546 ipse
1125 490 1231 546 leges
1272 490 1433 534 tulerat.

219 568 302 611 lam
333 580 427 609 cum
458 565 613 609 fortuna
631 566 695 624 '5¹¹1
721 567 910 622 gratiam,
946 566 1109 620 Marcia,
1137 568 1368 622 reverteris,
1398 568 1434 611 si

217 642 319 696 tela,
338 657 440 700 quae
459 643 500 685 in
516 643 736 699 Scipiones,
753 642 1061 700 Scipionumque
1084 651 1228 686 matres
1255 658 1303 687 ac
1321 643 1427 688 filios

216 720 367 775 exegit,
394 719 540 777 quibus
571 719 753 761 Caesa-es
783 719 922 775 petiit,
957 733 1008 760 ne
1031 734 1054 760 a
1079 727 1120 761 te
1146 719 1310 779 quidem
1332 735 1431 763 con-

215 796 347 837 tinuit.
408 793 450 838 4.
494 794 616 836 Plena
644 802 685 835 et
721 793 860 839 infesta
891 795 1007 837 variis
1041 795 1198 839 casibus
1228 796 1310 837 vita
1347 803 1431 838 oetz

215 887 238 914 a
265 871 413 927 quibus
439 870 541 913 nulli
566 870 679 926 longa
701 885 799 927 pax,
821 871 885 914 vix
905 871 1086 913 induciae
1107 878 1214 915 sunt.
1251 872 1432 923 Quatuor

214 946 359 989 liberos
392 945 629 999 sustuleras,
665 946 833 999 Marcia,
868 945 1027 986 nullum
1058 947 1171 987 aiunt
1196 945 1341 988 frustra
1364 961 1433 990 ea-

213 1021 309 1063 dere
337 1021 486 1075 telum,
516 1020 627 1077 quod
648 1022 690 1062 in
716 1020 938 1062 confertum
960 1035 1102 1075 agmen
1121 1022 1341 1063 immissum
1357 1030 1432 1064 est.

213 1097 358 1139 Mirum
390 1104 471 1150 est,
509 1104 659 1139 tantam
686 1096 847 1138 turbam
872 1110 952 1137 non
979 1098 1155 1152 potuisse
1180 1097 1264 1138 sine
1285 1097 1431 1158 invidia

212 1171 404 1215 damnove
439 1170 716 1229 praetervehi?
773 1172 827 1213 At
851 1171 927 1213 hoc
949 1172 1120 1227 iniquior
1146 1171 1302 1215 fortuna
1324 1171 1428 1226 fuit,

211 1247 322 1304 quod
346 1262 427 1289 non
449 1254 606 1289 tantum
628 1246 731 1288 filios
756 1247 926 1302 eripuit,
948 1246 1019 1289 sed
1044 1246 1174 1303 elegit.
1214 1248 1428 1304 Nunquam

211 1330 345 1365 tamen
367 1324 548 1365 iniuriam
570 1322 711 1364 dixeris
724 1353 736 1375 ,
773 1336 821 1364 ex
846 1336 974 1378 aequo
999 1337 1093 1365 cum
1117 1324 1339 1379 potentiore
1364 1324 1429 1365 di-

209 1398 364 1442 videre:
405 1399 504 1442 duas
536 1398 609 1440 tibi
645 1397 804 1453 reliquit
835 1396 960 1451 filias,
997 1406 1038 1439 et
1064 1398 1205 1440 harum
1236 1406 1424 1454 nepotes:

210 1482 251 1516 et
273 1475 405 1530 ipsum
427 1487 547 1530 quem
574 1474 743 1515 maxime
766 1473 899 1528 luges,
928 1474 1068 1529 prioris
1100 1474 1244 1527 oblita,
1273 1489 1354 1517 non
1375 1489 1424 1518 ex

207 1609 394 1655 scriptores
415 1607 615 1654 saepissime
638 1606 795 1642 occurrit
881 1606 990 1641 Ludit
1015 1607 1084 1642 hoc
1109 1608 1220 1643 verbo
1238 1607 1280 1644 V.
1307 1608 1425 1644 Pater·

207 1669 389 1705 tumidum
426 1668 521 1704 illud
550 1674 695 1716 penates
730 1678 796 1713 pro
834 1666 1057 1712 culusI‚XI.
1077 1668 1267 1718 (Metellus)
1278 1677 1429 1717 quatuor

205 1732 423 1779 simpliciore
439 1731 570 1766 domas.
601 1729 652 1764 De
671 1727 794 1764 Benef.
830 1728 926 1772 filios
955 1730 1115 1775 sustulit,
1141 1743 1258 1767 omnes·
1284 1732 1424 1768 adultae

204 1794 246 1837 V,
266 1793 374 1829 xvll.
400 1792 426 1841 §
450 1791 482 1828 1.
515 1790 692 1827 exsulavit
710 1796 793 1837 post
830 1792 957 1826 aetatis
983 1792 1093 1834 vidit,
1131 1805 1248 1828 omnes
1278 1794 1425 1840 reliquit

206 1856 398 1892 Catilinam
420 1854 555 1897 Cicero,
585 1852 698 1888 diruti
715 1852 791 1899 qius
828 1852 1028 1898 mperstitee
1053 1859 1087 1887 et
1113 1852 1421 1900 honoratissimos,

196 1923 359 1965 penates,
391 1916 481 1951 hona
507 1914 652 1961 direpta.
688 1912 789 1948 Cous.
828 1913 958 1946 mortui
971 1914 1047 1960 ejus
1062 1913 1187 1948 lectum
1200 1926 1268 1961 pro
1281 1915 1422 1953 Rostris

203 1978 283 2015 Nat.
302 1978 440 2023 Quaest.
457 1975 524 2022 VI,
544 1976 573 2012 1.
585 1974 610 2024 §
621 1974 655 2010 4.
681 1974 790 2010 Tacit.
828 1974 1058 2019 sustulerunt,
1082 1982 1233 2022 quatuor
1244 1976 1338 2024 filii.

202 2039 298 2076 Ann.
330 2039 378 2084 V,
412 2039 442 2074 1.
489 2038 582 2073 Plin.
618 2038 693 2073 Sec.
725 2036 789 2084 Ep.
876 2037 996 2084 Elegit
1015 2037 1091 2072 scil.
1112 2049 1134 2072 e
1153 2042 1309 2084 quatuor
1325 2039 1420 2076 libe-

201 2100 329 2137 xxlll.
354 2100 431 2136 Lib.
458 2097 557 2134 VIII.
827 2097 894 2142 ris,
916 2101 976 2142 ut,
996 2098 1251 2144 praetermissis
1261 2098 1419 2145 filiabus,

251 2163 449 2199 sustuleras
470 2156 504 2196 xi.
525 2172 559 2196 e.
584 2172 789 2207 pepereras,
828 2158 919 2205 ipsos
942 2158 1033 2195 filios
1057 2160 1224 2206 eriperet.

201 2235 274 2271 quo
284 2236 389 2261 sensu
406 2222 557 2260 verbum
567 2222 682 2258 tollore
692 2220 790 2268 apud
875 2220 936 2257 13ae
966 2232 1076 2267 aequo
1107 2221 1211 2256 brevi
1241 2227 1340 2268 post:
1373 2235 1418 2260 ex

199 2285 371 2323 Senecam
403 2285 559 2332 aliosque
592 2295 696 2330 saepe
730 2296 787 2321 oc-
826 2289 909 2319 toto.
960 2283 1056 2319 Hanc
1087 2283 1280 2323 formulam
1306 2286 1417 2323 sene-

200 2347 326 2384 currit.
403 2346 523 2384 Consr.
577 2345 788 2392 interpretes
826 2356 890 2381 cae
922 2344 1094 2391 placuisse
1135 2346 1291 2382 ostendit
1320 2347 1414 2385 doct.

200 2408 247 2445 ad
278 2409 488 2447 Suetonium
527 2410 567 2445 in
605 2407 681 2444 Tib.
706 2406 785 2445 Vll.
825 2407 1012 2455 Hirschig‚
1054 2407 1093 2442 in
1134 2407 1216 2445 diss.
1257 2408 1303 2445 de
1333 2409 1413 2445 Seu.

201 2469 226 2519 ς
266 2469 299 2506 4.
825 2468 953 2515 Tranq.
981 2469 1092 2504 animi
1117 2470 1199 2515 pag.
1225 2469 1281 2504 94.

1157 2533 1217 2574 6*
