1848 3122
967 290 1023 331 52

393 435 613 485 »tanquam
645 438 788 483 parum
817 428 902 484 ipsa
934 439 1007 483 per
1038 441 1082 471 se
1116 427 1276 471 horrida
1299 430 1376 484 sit,
1411 425 1608 485 quidquid

394 512 536 562 »potes
570 501 760 558 congeris.
820 504 903 557 Ne,
932 489 1097 546 obsecro
1126 511 1188 557 te,
1217 505 1463 563 concupieris
1476 537 1488 560 ,
1518 518 1608 562 per-

395 579 683 624 »versissimam
711 578 877 634 gloriam
900 579 1204 622 infelicissimam
1229 580 1367 622 videri.
1411 580 1453 622 4.
1483 579 1610 624 Simul

392 657 571 712 »cogita‚
600 669 682 697 non
699 668 787 697 esse
807 670 1020 712 magnum,
1042 669 1085 697 se
1107 654 1228 697 rebus
1250 657 1448 712 prosperis
1468 638 1609 699 fortem

391 745 580 788 »gerere,
610 731 682 773 ubi
703 732 881 773 secundo
905 746 1026 773 cursu
1049 731 1131 772 vita
1152 731 1351 787 procedit:
1369 744 1445 772 nec
1463 731 1614 786 guber·-

392 807 569 851 »nator-is
586 806 752 864 quidem
771 814 898 849 artem
919 806 1183 864 tranquillum
1203 821 1312 849 mare
1330 815 1371 850 et
1389 806 1611 864 obsequens

393 891 566 927 »ventus
606 882 799 926 ostendit:
842 883 996 926 adversi
1028 883 1180 941 aliquid
1219 884 1394 926 incurrat
1427 890 1584 941 oportet
1597 914 1610 937 ,

394 959 537 1017 »quod
575 960 752 1003 animum
786 960 943 1018 probet.
1002 961 1173 1004 Proinde
1209 975 1262 1004 ne
1291 960 1520 1004 submiseris
1545 968 1610 1014 te,

391 1038 549 1080 »immo
583 1045 721 1081 contra
757 1037 837 1093 fige
878 1038 1064 1080 stabilem
1103 1038 1293 1094 gradum:
1335 1045 1376 1079 et
1413 1036 1612 1094 quidquid

392 1126 587 1156 »onerum
613 1109 736 1169 supra
755 1114 921 1166 cecidit,
949 1115 1123 1166 sustine,
1152 1115 1281 1169 primo
1302 1114 1494 1155 duntaxat
1515 1121 1610 1155 stre-

389 1189 512 1245 )>pitu
533 1188 757 1230 conterrita.
817 1187 935 1230 Nulla
954 1202 998 1229 re
1023 1188 1147 1229 maior
1168 1187 1315 1230 invidia
1334 1187 1514 1229 fortunae
1539 1187 1611 1241 fit,

392 1280 546 1322 »quam
575 1279 703 1322 aequo
738 1265 916 1307 animo.”
975 1265 1071 1307 Post
1103 1264 1180 1307 hoc
1203 1264 1376 1307 ostendit
1401 1264 1460 1307 illi
1480 1255 1612 1307 filium

388 1340 629 1383 incolumem
641 1372 654 1393 ,
684 1340 858 1383 ostendit
886 1354 936 1382 ex
963 1340 1106 1382 amisso
1133 1347 1311 1397 nepotes.

446 1417 510 1458 VI.
567 1416 699 1458 Tuum
734 1416 839 1470 illic,
881 1416 1026 1458 Marcia
1039 1446 1052 1469 ,
1094 1416 1297 1472 negotium
1337 1424 1472 1459 actum
1485 1447 1498 1470 ,
1538 1415 1614 1458 tibi

385 1492 514 1535 Areus
532 1492 699 1535 assedit:
728 1499 769 1534 te
795 1492 950 1534 mutata
973 1491 1141 1547 persona
1170 1491 1393 1534 consolatus
1417 1500 1491 1534 est.
1532 1491 1613 1534 Sed

388 1576 512 1625 puta,
552 1569 718 1622 Marcia,
746 1576 932 1624 ereptum
963 1567 1038 1609 tihi
1063 1567 1234 1624 amplius
1247 1598 1260 1621 ‚
1289 1581 1411 1623 quam
1431 1567 1515 1610 ulla
1535 1582 1611 1609 un-

390 1658 515 1700 quam
547 1651 675 1685 mater
707 1643 901 1685 amiserit:
932 1641 1033 1700 (non
1058 1642 1287 1699 permulceo
1309 1650 1374 1696 te,
1402 1657 1477 1685 nec
1503 1651 1613 1685 exte-

391 1733 474 1761 nuo
509 1719 775 1761 calamitatem
810 1726 919 1760 tuam
932 1717 962 1775 :)
999 1717 1033 1759 si
1070 1717 1234 1760 fletibus
1269 1717 1349 1760 fata
1375 1719 1614 1772 vincuntur,

426 1870 508 1905 ‘Illi
527 1896 537 1906 .
550 1896 558 1905 .
573 1896 582 1905 .
604 1870 774 1917 conqeris.
804 1868 861 1904 Sic
879 1880 901 1904 e
920 1879 984 1904 co—
1022 1866 1096 1903 vid.
1117 1866 1216 1914 apud
1232 1867 1387 1904 Nautam
1406 1868 1492 1905 Diss.
1512 1872 1615 1916 parto

391 1930 698 1966 dicibusrestituit
708 1931 908 1967 Gronovius
917 1942 984 1977 pro
1021 1929 1058 1965 2.
1083 1940 1119 1975 p.
1145 1928 1204 1964 23.

392 1993 436 2026 in
453 1992 552 2027 illam
577 2019 586 2027 .
601 2019 610 2027 .
623 2019 632 2027 .
654 1993 826 2040 congeris.
859 1991 983 2026 Exem-
1085 1990 1311 2027 Submiserie.
1367 1989 1524 2026 Annotat
1559 1991 1616 2026 Li·

391 2053 464 2100 plis
478 2053 524 2088 ab
538 2065 582 2088 eo
596 2053 715 2088 allatis
738 2053 824 2088 addi
838 2057 986 2100 possunt
1022 2052 1139 2099 psius:
1176 2051 1230 2087 »A
1248 2051 1506 2099 gladiatoribus
1516 2063 1531 2096 ‚·
1551 2052 1617 2098 qui

394 2114 533 2150 Horatii
551 2115 661 2150 verba
682 2113 759 2149 Lib.
781 2114 812 2150 Ι.
834 2114 910 2150 Car.
934 2114 983 2149 ΙΙ.
1024 2125 1062 2149 se
1071 2113 1160 2148 victi
1170 2119 1206 2149 et
1216 2126 1315 2150 arma
1323 2113 1615 2150 submittebant.”

395 2181 469 2211 ,ἴση
487 2181 568 2210 satis
585 2181 683 2210 terris
691 2179 779 2210 nivis
788 2185 886 2220 atque
895 2179 986 2210 dirae
1025 2174 1127 2209 Vere.
1153 2175 1211 2210 Sic
1231 2175 1278 2210 ad
1298 2175 1420 2222 Polyb.
1431 2173 1532 2210 XXV.
1543 2173 1569 2222 §
1580 2174 1616 2209 2.

400 2235 577 2267 Gramdiaezis
598 2236 687 2266 misit
701 2242 809 2277 pater.
1029 2237 1156 2272 Omnes
1174 2238 1303 2282 scient,
1333 2235 1502 2284 quomodo
1522 2241 1555 2271 ie
1575 2236 1616 2271 in

398 2297 457 2332 Ibi
466 2297 560 2332 cons.
570 2302 691 2333 notam
701 2297 772 2333 viri
783 2297 834 2332 Cl.
846 2296 984 2334 Peerlk.
1026 2299 1095 2334 isto
1105 2305 1165 2334 tuo
1171 2300 1318 2345 quaeris
1325 2298 1479 2333 vulnere.-
1485 2305 1615 2334 utrum-

395 2359 498 2394 hunc
522 2369 667 2405 quoque
690 2358 813 2394 locum
835 2358 986 2396 citantis.
1026 2372 1070 2395 ne
1087 2361 1208 2396 statim
1216 2371 1406 2408 percussus
1422 2371 1520 2396 arma
1536 2361 1616 2396 sub·

443 2421 624 2457 Incurrat.
668 2420 895 2467 Quantopere
917 2420 987 2458 hoc
1025 2423 1187 2468 miserie,
1221 2434 1269 2458 an
1299 2422 1341 2463 in
1371 2421 1482 2469 qradu
1512 2429 1617 2459 stete-

393 2482 504 2519 vcrbo
533 2482 676 2529 gavisus
708 2481 820 2518 fuerit
852 2482 984 2520 seneca
1024 2486 1088 2521 ris.
