1848 3122
1001 303 1023 341 6

429 442 508 470 tur.
541 428 638 470 Nam
658 430 781 469 secuti
807 440 900 469 sunt
925 427 1139 470 editionem
1163 429 1403 484 Ruhkopfii‚
1433 428 1593 470 reducta

428 512 555 541 tamen
580 500 660 539 huc
688 498 783 539 illuc
813 499 976 539 lectione
1005 499 1153 555 Lipsii‚
1186 499 1391 551 Gronovii,
1417 500 1593 541 aliorum.

425 572 527 611 Huic
549 581 655 610 notas
673 585 775 611 meas
791 570 1030 625 subscripsi,
1057 570 1106 610 de
1122 584 1293 624 quarum
1309 572 1455 612 ratione
1469 587 1594 627 pauca

427 641 559 681 adhuc
587 656 687 696 quae
713 641 843 683 dicam
870 641 1010 682 habeo.

483 711 623 753 Omnia
649 711 712 752 illa
728 728 838 769 quae
869 712 1086 768 superiores
1112 711 1344 767 interpretes
1361 711 1597 765 attulerunt,

430 784 576 839 quibus
603 795 670 824 aut
696 783 812 824 lectio
839 784 976 824 melior
1001 795 1068 824 aut
1095 785 1285 825 sententia
1309 783 1446 825 clarior
1462 784 1570 824 fieret
1583 814 1595 834 ,

428 857 470 895 in
496 857 598 896 notis
624 870 836 896 memorare
863 855 972 895 baud
999 856 1248 910 superfluum
1274 855 1432 906 fuisset,
1455 856 1535 895 imo
1550 856 1592 895 in

421 929 529 980 justa
556 928 724 970 editione
750 929 970 984 requiritur
999 927 1188 983 quidem,
1218 927 1286 968 sed
1315 928 1489 979 termini,
1513 929 1599 984 qui-

427 1000 501 1038 bus
541 1001 638 1039 haec
667 999 882 1040 dissertatio
914 1000 1125 1040 necessario
1158 999 1395 1039 includenda
1422 1011 1524 1050 erat,
1555 999 1596 1038 id

430 1071 643 1125 quominus
658 1071 826 1112 facerem
841 1082 1059 1112 vetuerunt.
1091 1072 1228 1126 Itaque
1244 1071 1339 1111 haec
1356 1071 1452 1110 mihi
1468 1081 1598 1111 tenen·

428 1141 477 1180 da
494 1153 576 1180 erat
590 1144 689 1181 ratio
704 1153 749 1181 ut
764 1157 807 1181 ea
825 1153 977 1182 tantum
991 1171 1004 1192 ,
1033 1157 1133 1196 quae
1150 1158 1172 1180 a
1192 1141 1514 1196 praecedentibus
1530 1152 1598 1181 aut

427 1214 562 1252 omissa
588 1225 655 1253 aut
673 1229 783 1254 secus
806 1212 973 1253 dicenda
992 1213 1091 1253 mihi
1114 1212 1359 1263 viderentur,
1377 1224 1596 1255 tractarem.

478 1284 537 1323 Ex
563 1284 640 1324 hac
661 1299 754 1324 vero
771 1285 931 1324 ‘ratione
960 1285 1161 1338 sequitur,
1178 1295 1224 1323 ut
1252 1283 1383 1323 multis
1399 1283 1492 1324 locis
1515 1284 1598 1338 opi-

426 1356 584 1394 nionem
602 1407 604 1410 v
620 1370 766 1406 meam,
800 1371 821 1394 a
850 1355 1166 1395 doctissimorum
1196 1355 1370 1395 virorum
1397 1354 1596 1395 sententiis

424 1425 738 1481 discrepantem,
769 1427 946 1480 proferre
974 1437 1130 1466 coactus
1156 1426 1310 1466 fuerim.
1360 1427 1445 1483 Quo
1472 1440 1598 1481 saepe-

424 1512 588 1537 numero
618 1497 684 1545 fit,
710 1509 756 1537 ut
785 1507 894 1537 notas
926 1512 1027 1537 meas
1057 1511 1262 1553 meamque
1292 1496 1599 1538 mediocritatem

426 1570 658 1620 cogitantem
686 1580 809 1609 metus
839 1583 902 1608 me
931 1570 1067 1608 subeat
1080 1599 1092 1619 ,
1130 1583 1181 1608 ne
1208 1567 1390 1608 audaciae
1422 1582 1601 1620 arrogan-

429 1640 581 1694 tiaeque
600 1640 694 1691 jure
712 1637 953 1679 accusandus
969 1639 1056 1679 sim.
1098 1639 1242 1680 Seneca
1258 1649 1411 1679 tantum
1424 1639 1599 1679 animum

431 1710 556 1752 addit.
601 1711 697 1762 Ejus
723 1725 842 1765 opera
867 1709 1075 1762 diligenter
1102 1721 1148 1750 ut
1174 1709 1358 1761 legerem,
1391 1720 1601 1751 auctorem-

431 1797 536 1838 que,
565 1794 758 1837 quatenus
786 1783 871 1822 fieri
897 1793 1053 1837 posset,
1085 1797 1133 1821 ex
1157 1796 1197 1821 se
1222 1783 1311 1836 ipso
1338 1782 1597 1836 explicarem,

429 1853 732 1894 clarissimorum
758 1854 934 1895 virorum
958 1865 997 1894 et
1023 1854 1181 1908 scriptis
1211 1863 1249 1893 et
1275 1853 1519 1893 sermonibus
1544 1854 1601 1893 in-

430 1925 575 1965 ductus
597 1940 698 1964 sum.
734 1926 886 1965 Horum
912 1926 1034 1977 igitur
1059 1924 1211 1964 assidua
1238 1924 1355 1964 lectio
1380 1925 1599 1979 saepissime

430 1997 595 2036 unicum
623 1996 723 2035 mihi
747 1996 824 2037 fuit
848 1996 961 2037 filum
988 2011 1060 2052 per
1088 1997 1407 2049 conjecturarum
1421 2006 1462 2036 et
1477 1995 1600 2036 diver·

429 2081 562 2106 sorum
588 2066 770 2107 codicum
796 2067 1007 2108 lectionum
1032 2067 1315 2123 labyrinthum.
1354 2068 1439 2108 Hoc
1454 2067 1596 2119 fretus,

436 2154 563 2194 quum
589 2137 755 2179 aliorum
786 2140 987 2195 opiniones
1013 2140 1180 2193 ingenue
1210 2139 1445 2191 attulissem,
1475 2153 1600 2180 meam

431 2210 574 2250 addere
598 2225 680 2251 non
707 2211 895 2252 dubitavi.
949 2212 1047 2264 Sed,
1074 2223 1121 2253 ut
1136 2212 1266 2253 multis
1282 2211 1377 2254 locis
1395 2211 1598 2252 dissentire

434 2283 615 2334 cogebar,
643 2283 699 2323 sic
727 2282 809 2323 aliis
838 2298 1000 2339 quoque
1030 2284 1128 2324 mihi
1161 2285 1345 2336 contigit,
1365 2295 1411 2325 ut
1424 2282 1598 2324 emenda-

433 2355 605 2394 tionibus
644 2355 882 2410 quibusdam
915 2371 936 2395 a
969 2356 1160 2398 Gronovio
1201 2355 1364 2411 aliisque
1403 2354 1598 2411 praeclare

430 2428 641 2482 propositis
657 2458 668 2475 ,
698 2426 872 2468 necdum
902 2429 990 2469 satis
1017 2429 1204 2485 exemplis
1231 2428 1413 2480 firmatis,
1441 2442 1463 2469 e
1486 2429 1598 2472 Sene·

431 2514 497 2540 cae
522 2499 749 2541 auctoritate
777 2499 933 2555 pondus
964 2500 1158 2542 adderem.
