1848 3122
769 297 824 342 35

189 434 335 478 texisti:
364 439 406 475 et
427 419 504 475 hoc
522 429 592 474 illo
614 430 772 486 seculo,-
796 446 879 490 quo
900 444 1042 488 magna
1059 433 1186 490 pietas
1208 436 1318 486 erat,
1341 433 1400 475 ni*

168 502 170 505 ¹
187 510 246 552 hil
283 509 405 565 impie
444 507 584 550 facere.
646 506 687 549 3.
730 508 785 550 Ut
817 522 911 550 vero
943 507 1120 565 aliquam
1156 509 1404 552 occasionem

186 586 355 629 mutatio
376 591 600 643 temporum
621 583 734 627 dedit
745 608 758 639 ς
776 585 978 641 ingenium
996 586 1117 642 patris
1140 586 1224 641 tui,-
1248 585 1301 628 de
1321 598 1405 643 quo

185 669 364 706 sumtum
383 670 466 704 erat
481 662 746 718 supplicium,
763 662 806 703 in
828 675 946 703 usum
963 660 1168 704 hominum
1187 662 1403 715 reduxisti,

186 744 228 779 et
250 751 274 779 a
294 751 386 780 vera
407 737 523 780 illum
542 736 747 780 vindicasti
774 744 926 792 morte,
955 751 1002 780 ac
1024 739 1230 780 restituisti
1255 739 1297 779 in
1320 752 1401 795 pu-

186 814 292 857 blica
319 821 577 857 monumenta
606 813 750 868 libros,
772 828 873 871 quos
893 815 954 857 vir
975 814 1042 856 ille
1062 814 1295 857 fortissimus
1317 828 1406 856 san-

183 902 670 939 nihiloseciuslaerimaretur
679 902 777 950 apud
812 902 952 938 hierem
967 902 1115 938 faceret.
1164 901 1267 945 Quod
1284 905 1407 937 tamen

185 969 346 1013 patrem,
370 972 411 1001 ut
429 967 505 1015 ejus
523 972 665 1000 mortem
682 965 776 1000 inhi-

186 1028 293 1072 beret,
328 1028 491 1074 quamvis
522 1027 562 1061 id
591 1027 669 1062 fieri
703 1038 779 1061 non

185 1088 340 1136 amplius
370 1101 471 1136 posse
498 1089 573 1137 ipse
599 1093 701 1136 pater
725 1087 778 1123 di-

186 1155 280 1186 serte
301 1151 396 1186 filiae
422 1151 632 1186 declarasset
654 1149 776 1199 (XXII.

185 1211 212 1261 5
243 1210 294 1261 5).
354 1212 414 1248 His·
446 1205 492 1248 de
522 1205 637 1248 causis·
667 1216 703 1247 et
733 1223 778 1247 ex

185 1274 297 1320 hujus
324 1286 410 1312 cum
430 1274 526 1308 XXII
549 1274 633 1319 Cap.
655 1272 780 1308 sedula

186 1336 452 1384 comparatione
477 1346 621 1371 mecum
645 1339 781 1370 statue-

187 1398 289 1433 bam:
322 1399 481 1434 veterem
507 1397 699 1432 lectionem
721 1396 781 1430 in-

187 1458 550 1505 terpunctionemque
587 1469 661 1493 esse
696 1456 779 1492 reti-

186 1519 362 1566 nendam3
389 1531 500 1566 quam
517 1523 636 1565 postea
653 1522 690 1554 et
706 1518 780 1554 edi-

188 1581 288 1616 tione
296 1585 495 1626 stereotypa
505 1584 685 1625 receptam
692 1579 780 1613 vidi:

191 1642 264 1680 Sed
283 1636 413 1677 dedisti
434 1647 561 1676 manua
581 1641 679 1676 victa
689 1668 700 1686 ,
722 1640 782 1687 fu-

189 1704 344 1751 dictique
380 1704 545 1738 lacrimas
572 1702 714 1749 palam,
750 1707 785 1736 et

186 1766 341 1815 gemitus
351 1764 527 1798 devorasti
537 1762 695 1810 quidem,
711 1774 783 1797 non

189 1834 306 1863 tamen
344 1826 455 1860 hilari
474 1825 609 1870 frome
646 1824 781 1860 texisti.

189 1887 326 1923 Locum
344 1890 465 1922 autem
482 1885 532 1921 sic
548 1884 708 1921 breviter
723 1895 781 1919 ex·

189 1949 306 1997 plico:
343 1949 531 1996 Postquam
569 1947 697 1983 Mareia
725 1958 782 1982 co-

190 2011 316 2058 gnovit
337 2022 381 2046 ex
397 2014 499 2057 patre
509 2013 661 2044 mortem
671 2019 782 2043 unam

191 2072 248 2107 illi
286 2077 406 2120 patere
445 2069 625 2106 servitutis
657 2069 782 2116 fugam

191 2134 309 2182 (Com.
336 2134 420 2180 Gap.
443 2133 473 2168 Ι.
496 2131 521 2180 §
542 2131 600 2180 2),
625 2143 783 2178 eumque

191 2195 315 2233 inedia
336 2195 413 2244 jam
439 2207 482 2230 eo
509 2193 713 2241 pervenisse
741 2197 785 2229 ut

192 2268 215 2293 a
240 2263 357 2294 morte
387 2256 547 2293 revocari
571 2268 645 2291 non
668 2260 785 2302 posset

192 2317 291 2366 (Cap.
313 2319 409 2354 XXII
424 2318 449 2367 ς
468 2317 521 2367 5),
544 2317 640 2352 victa
657 2328 785 2352 manus

194 2379 295 2415 dedit
302 2395 313 2427 ;
347 2386 383 2416 et
411 2392 532 2417 coram
553 2384 653 2427 patre
673 2378 785 2414 lacri-

195 2453 270 2477 mas
280 2443 465 2488 repressit,
483 2454 530 2478 ne
544 2442 682 2486 tristem
692 2452 784 2475 mor-

197 2507 269 2539 tem
298 2514 362 2539 suo
392 2515 556 2541 moerore
576 2502 669 2552 patri
690 2513 784 2539 acer-

814 975 889 1000 non
918 963 1140 999 indolentiae
1172 962 1409 998 tribuendum

816 1030 881 1061 est.
929 1025 1204 1060 Nam-lacrimas
1226 1025 1324 1070 illas,
1346 1036 1410 1060 co-

815 1099 893 1123 ram
928 1091 1032 1134 patre
1068 1099 1258 1134 repressas,
1289 1087 1410 1135 palam

814 1148 975 1196 profudit
1014 1148 1164 1193 Mareia,
1202 1160 1272 1184 nec
1307 1153 1411 1184 metu

815 1208 1034 1258 tyrannidis,
1080 1221 1201 1257 neque
1243 1210 1411 1258 exemplo

818 1270 980 1316 corrupti
1001 1271 1083 1305 aetii
1110 1272 1252 1306 luctum
1282 1272 1413 1317 illum,-

818 1342 930 1378 quem
956 1330 1003 1366 de
1029 1336 1131 1378 patre
1157 1332 1290 1379 injuste
1309 1343 1414 1368 accu-

818 1397 893 1428 sato
931 1392 1107 1438 habebat,
1149 1394 1258 1429 hilari
1295 1393 1416 1430 fronte

818 1453 923 1498 texit,
938 1452 1017 1497 sed,
1036 1458 1078 1489 ut
1093 1454 1322 1490 verecundae
1331 1466 1413 1491 mu-

817 1514 902 1550 lieri
922 1508 1179 1561 conveniebat,
1203 1517 1330 1553 inanes
1351 1528 1413 1564 ge-

819 1576 929 1610 mitus
947 1575 1144 1611 devoravit.

869 1635 976 1672 Nihil
990 1638 1112 1685 impie.
1161 1636 1284 1674 Ruhk.
1299 1643 1418 1675 mutat

821 1698 931 1744 impie
948 1698 988 1732 in
1002 1699 1080 1745 pie;
1092 1699 1155 1733 sed
1171 1700 1240 1734 hoc
1258 1700 1416 1735 nimium

820 1758 977 1805 ideoque
993 1759 1088 1794 nihil
1098 1760 1286 1806 significat.
1312 1761 1416 1797 Foret

820 1833 936 1868 aeque
953 1821 1106 1857 absurda
1119 1823 1210 1858 haec
1225 1823 1351 1868 lectio,
1371 1834 1414 1860 ac‘

819 1883 849 1918 si
869 1882 916 1918 de
938 1883 1043 1918 turha
1075 1882 1285 1920 sicariorum
1317 1884 1413 1920 dice*

819 1956 892 1980 res:
929 1949 1013 1980 sunt
1052 1944 1111 1979 isti
1147 1949 1220 1981 tam
1255 1946 1416 1993 scelesti,-

820 2006 1010 2052 omnisque'
1035 2006 1270 2042 humanitatis
1290 2019 1415 2055 exper-

819 2072 889 2113 tes,
907 2072 948 2103 ut
960 2064 1087 2103 eorum
1102 2068 1131 2103 ii
1146 2068 1251 2104 valde
1262 2069 1416 2115 humani

819 2129 890 2164 sint
922 2129 1147 2176 appellandi,
1180 2131 1246 2177 qui
1276 2131 1417 2166 nemini

819 2195 981 2239 parcant.
1030 2191 1120 2227 Jure
1144 2196 1266 2227 autem
1285 2192 1419 2239 aliquis

822 2259 859 2289 te
893 2258 1057 2301 rogaret,
1098 2254 1249 2300 quinam
1287 2265 1415 2289 eorum

822 2316 935 2363 igitur
974 2315 1111 2351 scelesti
1149 2320 1186 2350 et
1224 2313 1416 2351 inhumani

823 2383 939 2414 essent
962 2374 1190 2425 a'ppellandi?

872 2440 1109 2476 Mona-menta.
1167 2439 1328 2487 Explicat
1357 2437 1415 2473 Li·-

824 2501 932 2547 psius,
947 2503 1120 2549 sequente
1128 2500 1340 2547 Ruhkopfio,
1351 2511 1418 2546 per

1075 2564 1102 2606 3
1111 2567 1133 2590 ψ
