1848 3122
788 292 837 331 25
887 298 890 301 ⁴

234 418 431 472 scriptam.
487 416 591 466 Quae
609 417 748 456 omnia
769 416 1048 458 Heidbreedius
1069 418 1112 458 in
1134 418 1396 473 disputatione

235 488 387 529 laudata
412 486 566 527 disserit
592 502 680 543 pag.
707 489 858 530 7—1l.'

289 546 418 616 Lipsio
440 574 490 600 ne
516 560 558 600 in
582 570 753 600 mentem
776 559 939 615 quidem
960 561 1066 601 venit
1091 561 1200 602 hunc
1222 559 1400 602 libellum

238 648 260 673 a
276 632 419 673 Seneca
440 632 482 671 in
499 630 631 672 exsilio
650 632 835 687 componi
849 632 1022 687 potuisse
1032 663 1044 684 ,
1063 643 1101 674 et
1117 644 1206 689 post
1219 632 1398 674 exsilium

236 703 396 744 demum
423 705 616 759 scriptum
644 702 800 756 colligit.
833 703 1131 745 ·Heidbreedius
1161 705 1266 746 illam
1293 720 1395 747 con-

236 775 464 817 solationem
490 773 613 815 exsilii
640 786 817 831 tempore
843 777 1094 831 compositam
1115 790 1195 817 esse
1221 778 1395 829 conjicit.

294 845 476 897 »Quidni
490 859 582 886 vero
592 875 605 897 ,
628 846 681 887 ait
696 845 759 886 ille
769 877 782 897 ,
807 847 851 886 in
865 846 998 888 exsilio
1014 848 1109 887 haec
1123 861 1284 902 quoque
1300 847 1399 888 Con-

238 905 401 976 »solatio
420 917 539 957 scribi
551 918 741 972 potuerit?
758 917 854 957 Nam
870 932 997 971 quum
1008 916 1290 958 Consolationes
1301 919 1400 959 etad

239 1002 265 1028 >›
275 987 482 1042 Polybium
504 998 544 1029 et
559 987 608 1027 ad
625 986 798 1029 Helviam
814 997 978 1027 matrem
993 1001 1038 1028 eo
1053 997 1230 1042 tempore
1245 1001 1402 1043 compo-

240 1059 353 1100 »suit
369 1060 533 1110 Seneca,
554 1070 646 1100 tum>
656 1045 779 1100 multa
793 1058 865 1106 alia
879 1059 1038 1113 scripsit
1048 1089 1061 1109 ,
1078 1070 1117 1099 et
1132 1060 1261 1099 animo
1276 1060 1403 1114 operi-

237 1144 264 1171 »
273 1130 349 1170 hus
374 1130 453 1170 suis
478 1141 637 1172 vacante
664 1129 781 1170 modo
808 1129 1014 1171 levioribus
1030 1129 1168 1170 studiis
1183 1129 1399 1171 oblectatus

238 1217 264 1242 >›
271 1213 343 1252 est,
357 1201 475 1243 modo
490 1202 539 1242 ad
552 1201 871 1243 considerandam
882 1203 944 1242 sui
958 1203 1208 1258 universique
1219 1214 1399 1244 naturam

213 1304 215 1306 »
237 1272 407 1313 »avidus
436 1273 518 1314 veri
539 1273 762 1313 insurrexit.
814 1273 865 1313 Et
888 1284 981 1314 sunt
1002 1288 1132 1315 revera
1151 1273 1302 1331 aliquot
1315 1274 1402 1316 loca

238 1358 259 1382 ι)
276 1344 320 1383 in
349 1344 616 1385 Consolatione
640 1344 690 1384 ad
710 1344 916 1386 Marciam
941 1360 1042 1401 quae
1065 1360 1148 1386 non
1169 1346 1252 1386 sine
1271 1348 1402 1401 specie

236 1415 447 1469 »quadam
483 1415 533 1454 ad
571 1414 773 1468 exsilium,
799 1414 910 1470 quod
937 1415 1047 1466 tulit,
1074 1416 1218 1457 referre
1242 1418 1397 1472 possis”

237 1485 319 1539 (lx.
347 1486 419 1540 3.).
474 1486 574 1542 Quis*
589 1501 778 1541 umquam
804 1496 980 1526 nostrum
1004 1486 1054 1526 de
1075 1487 1206 1527 exsilio
1234 1489 1398 1540 cogitare

235 1570 348 1595 ausus
384 1558 471 1596 est?
509 1555 647 1609 (XXII.
683 1558 700 1596 1
729 1566 768 1596 et
793 1557 850 1610 2).
909 1556 1054 1609 Adjiee
1083 1559 1293 1611 incendia,
1312 1562 1400 1599 rui-

235 1642 385 1668 nam...
443 1629 547 1667 Post
567 1627 662 1666 haee
689 1628 877 1666 exsilium
907 1626 1004 1679 (XX.
1030 1628 1085 1681 2).
1140 1629 1257 1669 Mors
1283 1645 1400 1671 exsu-

236 1697 343 1737 libus
365 1699 410 1736 in
431 1698 610 1750 patriam
635 1711 789 1751 sempor
813 1700 997 1738 animum
1018 1700 1226 1755 oculosque
1249 1703 1402 1743 tenden-

236 1770 343 1808 tibus
380 1769 569 1819 ostendit,
607 1770 714 1809 nihil
743 1771 952 1819 interesse,
978 1772 1085 1810 inter
1109 1787 1207 1825 quos
1234 1777 1402 1828 quisque

225 1839 376 1891 jaceat.
411 1837 487 1879 Sed
513 1839 613 1878 bene
641 1838 751 1880 addit
766 1838 1043 1879 Heidbreedius
1062 1840 1161 1880 nihil
1179 1842 1239 1881 his
1255 1844 1397 1897 inesse,

235 1908 345 1965 quod
372 1908 609 1950 concludere
637 1924 706 1950 nos
738 1904 847 1961 coga't
875 1910 979 1950 hanc
1003 1910 1315 1954 consolationem
1338 1930 1401 1956 ex-

236 1980 312 2021 silii
338 1991 511 2037 tempore
533 1996 613 2021 esse
638 1982 837 2036 scriptam.
891 1981 1025 2038 Neque
1049 1982 1162 2024 aliter
1180 1984 1324 2037 judico
1351 1986 1401 2028 de

234 2052 322 2093 loco
354 2053 448 2107 Gap.
478 2052 598 2092 XVII.
630 2054 653 2105 §
686 2054 723 2093 4.
778 2052 878 2092 Erit
904 2053 1131 2107 Dionysius
1158 2058 1245 2096 illic
1271 2066 1402 2111 tyran-

235 2139 335 2177 nus,
374 2124 590 2176 libertatis,
612 2123 822 2177 justitiae,
857 2125 988 2179 layum
1014 2128 1199 2179 exitium,
1225 2129 1402 2171 damna-

235 2198 357 2236 tionis
395 2196 563 2249 cupidus
598 2197 715 2235 etiam
750 2204 843 2249 post
883 2196 1115 2248 Platonem,
1152 2200 1256 2238 vitae
1279 2203 1401 2242 etiam

198 2298 205 2302 ,
233 2274 328 2320 post
351 2267 549 2307 exsilium.
580 2265 653 2306 cui
675 2265 763 2307 loco
781 2265 927 2319 adjecit
950 2266 1250 2312 Heidbreediusa
1273 2272 1402 2314 »Num

235 2337 370 2379 »haec
396 2338 563 2380 scribere
589 2338 721 2393 potnit
752 2338 895 2379 Seneca
934 2340 1041 2394 (post
1075 2340 1292 2398 exsilium),
1330 2346 1401 2401 qui

236 2409 449 2451 »exsilium
481 2425 561 2451 non
592 2410 644 2450 ita
676 2409 829 2451 fortiter
868 2410 981 2462 tulit,
1025 2422 1071 2452 ut
1101 2412 1181 2453 aliis
1213 2415 1399 2466 ignaviam

239 2481 508 2535 »exprobrare
547 2491 675 2537 posset
687 2483 739 2522 ?’'
803 2481 1004 2524 Rationem
1035 2499 1106 2524 cur
1133 2485 1277 2526 Seneca
1305 2486 1399 2527 haec
