1848 3122
809 320 868 362 89

220 463 352 498 tantae
376 455 531 496 futuros
557 454 814 510 turpitudinis
827 485 840 508 ‚
876 460 924 495 ut
950 453 1023 508 ipsi
1050 453 1309 496 maledictum
1337 456 1427 498 sint.

220 530 327 575 Nihil
352 537 457 574 vetat
483 529 570 573 illos
598 528 673 572 tibi
695 543 878 586 suprema
902 536 1117 586 praestare,
1149 537 1191 573 et
1214 528 1367 574 laudari
1390 537 1432 573 te

219 622 243 649 a
274 607 407 650 liberis
444 608 542 650 tuis:
580 606 651 650 sed
683 606 740 648 sic
776 613 817 647 te
848 620 963 662 para,
999 614 1186 663 tanquam
1218 608 1261 649 in
1295 608 1430 664 ignem

220 683 418 741 positura,
447 683 510 725 vel
537 696 730 739 puerum,
759 682 823 724 vel
846 682 1049 737 iuvenem,
1078 683 1141 726 vel
1166 698 1315 727 senem.
1364 684 1431 728 Nil

219 761 324 803 enim
361 760 411 802 ad
444 773 530 801 rem
564 760 761 815 pertinent
790 760 904 801 anni:
943 760 1127 816 quoniam
1155 760 1320 806 ,nullum
1350 775 1432 803 non

218 831 406 873 acerbum
433 830 553 871 funus
577 837 659 883 est,
687 830 797 886 quod
825 844 965 885 parens
990 832 1183 886 sequitur.
1241 832 1335 874 Post
1361 832 1433 874 has

216 907 323 961 leges
356 906 599 962 propositas,
635 906 670 948 si
702 905 847 948 liberos
874 906 1002 958 tollis,
1032 907 1140 947 omni
1164 905 1259 949 deos
1282 909 1431 950 invidia

214 980 383 1034 liberas,
412 981 483 1037 qui
511 981 586 1022 tibi
613 979 713 1021 nihil
740 979 1056 1036 spoponderunt.

275 1058 413 1099 XVIII.
458 1056 522 1098 Ad
548 1056 650 1098 hanc
673 1056 883 1111 imaginem
907 1055 1077 1110 agedum
1100 1057 1222 1099 totius
1246 1057 1351 1100 vitae
1371 1060 1436 1101 in-

216 1133 381 1175 troitum
408 1131 634 1173 referamus.
693 1125 913 1187 Syracusas
926 1131 1051 1172 visere
1074 1130 1308 1174 deliberanti
1333 1133 1406 1175 tibi
1419 1165 1432 1188 ,

213 1208 410 1265 quidquid
441 1205 637 1249 delectare
663 1213 841 1262 poterat,
875 1205 1074 1262 quidquid
1108 1207 1330 1262 offendere,
1357 1223 1431 1250 ex-

213 1285 350 1341 posui:
391 1290 490 1339 puta
530 1281 706 1324 nascenti
742 1294 807 1322 me
848 1281 924 1322 tibi
956 1282 1088 1322 venire
1129 1296 1172 1323 111
1206 1283 1429 1325 consilium.

218 1361 416 1404 Intratura
454 1373 496 1403 es
533 1358 674 1402 urbem
713 1356 790 1400 diis
820 1356 1127 1415 hominibusque
1156 1372 1405 1403 communem
1421 1392 1435 1417 ,

270 1531 314 1567 Ut
352 1531 425 1579 ipsi
463 1529 687 1565 maledictum
720 1529 807 1566 sint.
849 1541 973 1577 οὐδεὶς
997 1543 1059 1585 γὰρ
1084 1543 1166 1574 οὕτω
1186 1543 1321 1585 ἀνόητός
1342 1546 1434 1587 ἐστι,

219 1592 381 1639 Explicat
395 1591 516 1626 Ruhk.
536 1597 577 1625 ut
592 1590 737 1624 nomina
756 1601 809 1637 εοῂ
849 1599 936 1633 ὅστις
962 1600 1107 1637 πόλεμον
1137 1604 1201 1644 πρὸ
1229 1605 1360 1645 εἰρήνης
1383 1606 1437 1636 αἱ-

216 1664 296 1688 rum
326 1652 401 1687 loco
430 1650 611 1686 maledicti
632 1650 722 1694 sint,
747 1648 821 1684 sed.
850 1657 981 1699 egam,
1004 1658 1038 1688 g,
1054 1659 1114 1697 μὲν
1131 1661 1195 1703 γὰρ
1209 1665 1253 1701 τῇ
1268 1662 1299 1692 ot
1315 1664 1439 1700 numm

219 1714 270 1750 8ἷο
300 1714 374 1761 ipsi
403 1713 570 1758 languet,
608 1711 810 1757 meliusque
848 1718 926 1751 τούς
953 1719 1102 1760 πατέρας
1126 1721 1305 1751 &dn-mmm
1334 1723 1369 1753 ε,
1396 1723 1437 1754 «53

218 1775 353 1810 abesset
360 1788 370 1819 3
406 1784 488 1807 nam
525 1771 590 1818 qui
621 1771 707 1814 alii,
740 1771 809 1805 nisi
847 1776 894 1816 τῷ
931 1777 963 1806 οἱ
998 1778 1142 1819 πατέρες
1179 1779 1258 1814 τοὺς
1292 1782 1434 1817 παῖδας,

216 1835 301 1879 filii,
325 1833 559 1869 maledictum
580 1833 719 1868 essent?
735 1832 809 1879 ipsi
846 1835 1015 1870 Hesiodus
1039 1836 1118 1882 jam
1147 1821 1344 1874 maximum
1364 1840 1437 1876 hoe

216 1896 263 1931 ad
282 1900 434 1931 matrem
454 1894 687 1930 referendum
704 1898 808 1940 putu,
841 1897 943 1942 'pacis
972 1897 1201 1933 commodum
1230 1911 1305 1935 esse
1329 1900 1436 1937 intel·

216 1962 295 1992 tum
313 1956 441 2004 pulcre
456 1956 545 1991 haee
554 1954 808 2002 respondeant,
846 1958 935 1993 lexit
954 1957 1001 1993 de
1032 1970 1121 2005 pace
1140 1971 1282 1996 canens.
1320 1967 1435 2009 Ἔργα

216 2018 415 2066 prioribus:
448 2024 487 2052 ut
513 2029 612 2052 nemo
639 2017 709 2051 tihi
721 2028 810 2064 pro-
850 2027 905 2055 καί
922 2026 969 2057 Η.
991 2031 1025 2055 v.
1039 2020 1122 2056 226.
1148 2028 1299 2068 εἰρηυη
1315 2025 1435 2057 δάνα

210 2087 294 2129 pter
313 2080 392 2115 illos
413 2078 616 2114 maledicere
638 2078 778 2114 audeat.
849 2089 961 2126 γῆωι
973 2086 1252 2128 οιιροτρόφος,
1264 2081 1435 2129 EtEurip.

268 2142 415 2177 Nullum
430 2152 501 2174 non
517 2139 678 2174 acerbum
690 2141 810 2187 funus
848 2142 965 2189 suppl.
982 2142 1053 2178 492
1065 2142 1112 2178 de
1123 2154 1210 2189 pace
1231 2150 1435 2192 τέρπεταί

218 2211 269 2239 est
300 2208 369 2238 eet.
429 2201 492 2236 Vel
532 2201 602 2236 hoe
636 2213 710 2236 uno
740 2214 810 2248 pax
849 2202 881 2233 τ’
905 2205 1078 2243 guandiu.
1133 2229 1138 2233 .

219 2264 317 2299 hello
327 2261 559 2311 praeferenda
570 2267 641 2307 est,
657 2267 697 2297 ut
708 2263 809 2299 Croe-
903 2260 1034 2295 Urbem.
1083 2259 1194 2306 Saepe
1224 2260 1275 2295 sio
1306 2266 1436 2297 noster.

219 2337 277 2360 sus
299 2326 396 2372 apud
421 2323 638 2360 Herodotum
660 2323 809 2360 disserit.
849 2320 950 2357 Cons.
972 2322 1086 2359 Nauta
1103 2320 1149 2356 ad
1168 2320 1351 2359 Provid.v.
1363 2323 1390 2371 §⁸
1399 2323 1433 2359 3.

218 2387 332 2430 Quem
366 2388 488 2423 locum
517 2387 580 2433 qui
604 2386 731 2432 legerit
750 2398 810 2432 pa·
850 2383 939 2418 Cum
982 2383 1088 2418 domo
1132 2395 1279 2430 quoque
1318 2388 1436 2419 noster

221 2452 312 2483 trem
327 2447 495 2484 historiae
512 2460 586 2483 non
603 2458 721 2482 amare
737 2458 811 2481 non
850 2445 1028 2480 mundum
1065 2449 1244 2490 comparat
1274 2444 1335 2491 Ep.
1367 2444 1436 2482 XC.

221 2513 346 2557 potest.
369 2508 426 2544 Est
437 2509 513 2545 Lib.
525 2509 554 2547 1.
568 2506 808 2546 &LXXXVIL
849 2506 874 2554 ς
899 2506 945 2542 42
968 2505 1244 2551 elegantissime:
