1848 3122
999 315 1057 356 44

420 465 443 492 a
482 449 725 493 solemnibus
758 448 897 494 officiis
916 448 1080 493 seducta
1093 479 1106 504 ‚
1130 457 1178 508 ‘et
1201 451 1327 507 ipsam
1344 451 1633 507 ‘magnitudinis

417 525 610 568 fraternae
644 525 760 567 nimis
793 525 1147 568 circumlucentem
1171 525 1370 568 fortunam
1396 542 1534 582 exosa,
1563 529 1635 571 de-

416 590 519 643 fodit
554 613 620 653 se,
661 607 703 641 et
740 599 909 643 abdidit.
970 600 1242 644 Assidentibus
1276 601 1436 656 liberis,
1478 605 1636 661 nepoti-

414 675 513 729 bus,
557 674 771 731 lugubrem
803 684 954 719 voetem
983 690 1063 718 non
1089 676 1300 732 deposuit,
1331 690 1412 719 non
1434 678 1518 720 sine
1540 693 1635 722 con-

415 750 578 794 tumelia
614 751 791 795 omnium
817 751 1182 810 suorum‚‚quibus
1206 751 1323 796 salvis
1352 751 1448 796 orba
1470 753 1547 796 sibi
1573 755 1635 814 vj-

414 827 596 872 debatur.
1211 828 1216 834 '

471 904 540 947 ΠΙ.
585 904 693 946 Livia
723 904 905 946 amiserat
927 902 1059 946 filium
1082 903 1283 959 Drusum,
1311 908 1499 962 magnum
1519 903 1631 947 futu-

415 995 508 1023 rum
528 982 751 1037 principem
764 1011 777 1034 ,
805 981 885 1022 iam
905 995 1093 1036 magnum
1113 981 1271 1023 ducem.
1292 1030 1298 1035 Π
1331 983 1545 1024 Intraverat
1561 994 1634 1038 pe-

413 1057 522 1098 nitus
551 1056 825 1109 Germaniam,
859 1062 901 1097 et
934 1055 990 1096 ibi
1023 1056 1133 1111 signa
1166 1056 1341 1097 Romana
1366 1055 1506 1098 fixerat
1519 1088 1532 1110 ,
1561 1055 1634 1098 ubi

412 1132 477 1172 vix
513 1130 616 1172 ullos
648 1144 735 1172 esse
764 1130 962 1171 Romanos
993 1137 1133 1170 notum
1159 1137 1257 1171 erat.
1317 1131 1364 1171 In
1386 1131 1636 1186 expeditione

413 1206 538 1249 victor
573 1205 818 1259 decesserat,
855 1205 951 1261 ipsis
988 1203 1105 1246 illum
1132 1203 1314 1247 hostibus
1350 1218 1512 1260 aegrum
1539 1220 1633 1248 cum

414 1283 661 1324 veneratione
683 1289 725 1323 et
750 1294 849 1336 pace
873 1287 1015 1322 mutua
1038 1279 1393 1336 prosequentibus,
1421 1294 1495 1322 nec
1518 1288 1634 1338 opta·

412 1371 456 1400 re
489 1357 599 1414 quod
629 1356 863 1413 expediebat
889 1355 1143 1398 audentibus.
1203 1355 1431 1398 Accedebat
1453 1356 1505 1398 ad
1528 1356 1632 1399 hanc

458 1520 707 1556 Auideneibue
737 1518 892 1555 verbum
915 1530 1002 1566 pro-
1040 1518 1213 1565 quoniam
1233 1518 1397 1554 nondum
1411 1518 1458 1554 de
1473 1518 1634 1556 hostibus

408 1581 532 1629 prium
551 1580 599 1617 de
623 1581 667 1616 iis
684 1580 751 1628 qui
770 1583 920 1616 moestos
940 1583 1003 1615 aut
1041 1590 1157 1615 sermo
1187 1578 1328 1626 fuerat,
1359 1592 1480 1628 neque
1505 1593 1633 1628 prono-

411 1654 536 1689 aegros
560 1641 735 1677 consolari
746 1640 879 1676 'volunt
897 1644 934 1675 et
954 1639 1003 1674 al-
1042 1651 1128 1674 men
1147 1640 1340 1676 relativum
1355 1642 1520 1688 sequitur
1535 1642 1635 1689 quod

409 1704 544 1739 levare.
580 1701 680 1737 Conf·
712 1701 758 1736 de
787 1700 911 1736 Benef.
936 1700 1003 1735 111.
1042 1699 1090 1736 ad
1110 1700 1222 1736 hostes
1242 1700 1409 1738 refertur.
1469 1702 1550 1750 Ipse
1570 1703 1635 1739 ille

410 1767 493 1813 Cap.
515 1765 575 1800 IX.
604 1764 631 1813 §
650 1764 687 1799 2.
719 1763 812 1798 Ibid.
835 1761 895 1798 VI.
917 1762 1000 1809 Cap.
1040 1762 1161 1807 locus,
1191 1762 1236 1798 ad
1267 1775 1378 1810 quem
1398 1764 1492 1800 hanc
1512 1777 1631 1801 emen-

408 1826 508 1863 XXV.
528 1825 555 1875 5
575 1825 606 1861 1.
642 1825 705 1871 Ep.
726 1823 824 1868 XCV,
846 1823 905 1860 44.
936 1823 1000 1870 Ep.
1040 1823 1221 1860 dationem
1253 1825 1421 1871 proponit
1446 1825 1632 1872 Dukerus,

408 1888 525 1933 XCIX,
538 1886 594 1923 18.
606 1886 670 1933 Ep.
679 1886 735 1930 CI,
746 1886 781 1921 3.
807 1885 864 1921 Sic
874 1885 1001 1920 Graeci
1038 1884 1110 1920 hoc
1141 1885 1328 1921 confirmat
1357 1886 1449 1922 Flor.
1482 1888 1559 1923 Lib.
1581 1888 1632 1924 11.

407 1945 998 1997 παραιαθίζομαι.Α1·ἰεῐοΡ11.ΡΙιιΙ.
1038 1946 1122 1993 Cap.
1150 1946 1195 1992 2,
1230 1946 1263 1983 1.
1309 1947 1436 1995 Itaque
1466 1948 1631 1984 invidens

408 2023 460 2046 vs-
479 2010 564 2046 727.
588 2015 688 2046 Μετὰ
705 2017 806 2045 τοῦτο
825 2015 872 2054 τῷ
883 2014 1000 2044 Πλού-
1037 2008 1197 2044 Fortuna
1209 2010 1377 2057 principi
1395 2011 1553 2057 qentium
1566 2022 1631 2057 po-

408 2089 486 2108 τωνι
507 2078 780 2117 παρεκαθέζετο.
816 2069 885 2104 Sed
894 2068 998 2105 conf.
1033 2070 1138 2117 pulo,
1160 2071 1276 2117 ipsum
1296 2071 1399 2105 illum
1415 2069 1508 2119 (scil.
1517 2083 1629 2118 popu·

408 2133 466 2168 vir
488 2132 539 2168 cl.
555 2131 695 2168 Peerlk.
716 2130 763 2167 ad
773 2130 883 2166 Taciti
892 2129 1000 2177 Agri-
1038 2129 1125 2179 lum)
1155 2133 1196 2166 in
1223 2133 1374 2168 exitium
1398 2146 1502 2168 suum
1519 2145 1631 2168 arma·

364 2200 366 2202 ’
407 2194 479 2233 col.
503 2194 585 2242 Cap.
611 2195 670 2231 45.
1038 2194 1094 2228 vit
1116 2192 1216 2230 Conf.
1235 2193 1315 2230 Sen.
1341 2193 1388 2229 de
1407 2193 1530 2229 Benes.
1552 2193 1629 2229 Lib.

467 2258 565 2306 Ipsis
592 2258 705 2293 illum.
763 2255 930 2292 Dukerus
960 2253 1001 2289 in
1039 2253 1099 2292 IV.
1132 2254 1214 2303 Cap.
1243 2254 1303 2292 37.
1333 2254 1360 2305 §
1389 2255 1425 2292 2.
1462 2254 1534 2291 Cic.
1563 2267 1629 2303 pro

406 2319 530 2355 indice
558 2319 603 2354 ad
633 2320 797 2364 Florum,
829 2318 870 2352 in
890 2316 1001 2352 verbo
1038 2317 1205 2353 Cluentio
1223 2317 1250 2366 5
1270 2318 1334 2362 12,
1357 2317 1384 2365 5
1407 2316 1452 2353 19
1469 2322 1506 2352 et
1524 2317 1550 2366 5
1571 2318 1627 2355 15.

407 2384 483 2430 ipse
494 2409 505 2426 ‚
530 2381 679 2426 corrigit
698 2382 788 2428 ipsis
807 2381 893 2415 illis.
923 2378 999 2414 Ele·
1037 2380 1176 2415 Tuscul.
1198 2380 1339 2424 Quaest.
1360 2379 1390 2414 1.
1409 2378 1435 2426 5
1454 2379 1514 2415 29.
1557 2381 1626 2417 Ita-

408 2457 494 2491 gans
512 2442 663 2491 quidem
684 2440 907 2487 emendatio,
931 2440 1000 2477 hoc
1036 2454 1110 2489 que
1139 2440 1297 2477 tenenda
1327 2440 1472 2477 videtur
1499 2442 1625 2480 lectio:

375 2513 378 2518 ⁴
408 2517 493 2541 vero
525 2505 605 2541 loco
645 2516 718 2539 non
757 2502 995 2550 admittenda3
1036 2505 1127 2551 ipsis
1150 2504 1263 2539 illum.
