1848 3122
784 938 961 997 PARS
996 939 1231 999 Pmossz

665 1118 864 1173 Ancum
866 1119 909 1151 '1’1
938 1119 1151 1152 nnosrno
1181 1119 1338 1151 mimis.

905 1320 1092 1338 ⁴0&—

493 1473 550 1530 In
572 1492 680 1530 omni
703 1490 874 1531 oratione
899 1501 946 1531 ut
973 1501 1106 1531 monet
1138 1489 1419 1542 Quinctilianus
1451 1494 1580 1535 Instit.

414 1561 519 1603 Orat.
545 1562 633 1602 Lib.
661 1562 728 1602 IV.
756 1562 851 1617 Cap.
878 1562 911 1602 Ι.
941 1560 1016 1602 Ed.
1044 1562 1139 1602 Bur.
1169 1577 1257 1619 pag.
1286 1565 1403 1618 310),
1432 1564 1510 1606 hoc
1533 1567 1578 1606 in

413 1634 553 1689 primis
589 1632 806 1674 videndum
842 1643 919 1684 est,
956 1647 1074 1687 quas,
1107 1644 1147 1673 et
1187 1648 1269 1688 quo
1296 1645 1491 1688 tempore,
1519 1651 1581 1676 res

414 1704 535 1746 dicas.
600 1704 686 1745 Hoc
717 1704 902 1745 Senecam
936 1717 1098 1760 quoque
1129 1704 1172 1744 in
1206 1703 1281 1746 hac
1316 1705 1575 1748 consolatione

412 1778 514 1819 bene
542 1778 760 1819 observasse
786 1791 880 1817 mox
907 1775 1139 1818 videbimus.

465 1849 610 1889 Marcia
640 1849 818 1889 amiserat
857 1847 983 1888 filium
1023 1849 1220 1901 juvenem.
1284 1847 1402 1889 Dolor
1447 1850 1584 1891 matris

415 1922 589 1961 animum
606 1936 688 1961 non
710 1921 887 1961 affecerat
908 1930 1083 1970 tantum,
1104 1918 1174 1959 sed
1193 1920 1378 1961 afflixerat
1399 1910 1582 1975 quoque,

418 1992 472 2031 ita
494 2001 540 2031 ut
566 1993 707 2032 morbo
728 1990 1015 2047 implicaretur,
1041 2004 1168 2046 eoque
1194 2001 1275 2032 tam
1297 1990 1510 2046 pertinacia
1536 1978 1583 2031 {a

415 2062 596 2114 infelicis
629 2065 762 2102 animi
788 2077 918 2116 prava
955 2064 1136 2117 voluptas
1169 2064 1282 2103 dolor
1312 2072 1415 2103 osset
1434 2064 1583 2115 factus

419 2132 534 2187 (Cap.
569 2132 602 2173 Ι.
632 2135 656 2186 §
683 2132 738 2186 7).
792 2133 914 2184 Aegra
937 2143 1087 2184 autem,
1114 2148 1239 2189 quae,
1276 2134 1381 2175 sicut
1417 2134 1582 2186 Marcia,

419 2204 559 2244 morbo
591 2202 756 2256 gaudeat
789 2205 1107 2260 curationemque
1141 2219 1223 2245 non
1257 2206 1446 2261 recipiat,
1482 2220 1582 2262 quo·

420 2273 541 2315 modo
575 2288 720 2330 quaeso
753 2275 882 2316 curari
912 2276 1056 2331 possit,
1089 2276 1166 2317 nisi
1197 2291 1318 2333 prava
1352 2276 1418 2318 illa
1450 2276 1585 2333 opinio

417 2347 531 2400 prins
556 2357 691 2400 erepta
716 2347 799 2387 sit?

469 2416 609 2472 Itaque
634 2417 668 2457 si
694 2417 839 2458 Seneca
864 2417 1057 2473 proficere
1084 2418 1237 2476 aliquid
1264 2417 1372 2475 apud
1399 2418 1581 2462 Marciam

416 2488 550 2542 vellet,
576 2490 755 2532 omnium
781 2490 956 2545 primum
982 2506 1065 2534 eam
1092 2491 1232 2534 docere
1257 2490 1446 2534 debebat:
1476 2506 1577 2549 per-
