1848 3122
786 301 836 343 27

235 441 301 471 tur
323 427 475 483 opinio.
518 424 718 481 Jam‘plus
735 441 855 482 quam
869 425 1040 468 triennio
1054 424 1205 466 luxerat
1221 423 1363 466 Mareia
1377 442 1390 465 ι
1431 423 1434 426 ’

234 501 463 551 Cupissem,
487 498 540 538 ait
561 498 731 545 Seneca,
759 498 795 550 (I
821 501 845 550 ς
872 498 915 551 8)
941 499 1073 550 itaque
1091 498 1242 551 primis
1258 505 1396 549 tempo-

231 570 344 610 ribus
360 568 417 610 ad
429 569 552 609 ictam
577 570 823 619 curationem
840 568 1029 609 accedero.
1081 568 1242 609 leviore
1259 567 1394 609 medi-

232 641 487 693 cinasuiuet
506 643 637 681 oriem
661 641 800 682 adhue·
815 641 1095 694 rectinqmnda
1112 643 1195 682 οἰκ
1223 640 1306 681 Cur
1327 640 1396 692 igi-

233 723 318 762 tur,
341 713 434 765 jure
449 726 630 767 quaeras,
664 722 751 753 tum
765 726 847 753 non
860 712 973 768 prius
987 710 1291 753 Consolationem
1301 712 1396 752 scri-

231 786 312 841 psit
322 788 344 827 ‘t
366 784 642 825 Heidbreedius
656 799 817 840 quoque
833 784 944 825 hunc
958 783 1086 825 locum
1102 785 1268 837 tetigisse
1283 784 1391 835 vidi,

230 855 299 895 sed
326 854 420 894 inde
447 853 549 893 nihil
576 853 754 895 deduxit.
807 855 926 895 Causa
952 855 1082 895 afferri
1104 865 1257 908 potest,
1282 854 1394 908 quod

230 927 362 967 aberat
389 925 531 967 Seneca
557 936 643 966 tum
669 925 802 967 adhuc
828 926 872 965 in
897 924 1056 975 exsilio,
1076 939 1205 980 quum
1231 924 1395 964 Metilius

230 1008 397 1038 mortem
423 997 572 1047 obiret,
600 1011 732 1052 neque
760 998 817 1037 sic
839 1006 907 1036 aut
920 997 1092 1036 sciebat:
1122 996 1302 1036 Marciam
1317 1006 1398 1036 tatu

229 1068 478 1110 vehementer
507 1066 659 1117 dolere,
687 1078 754 1109 aut
767 1082 827 1109 res
844 1069 887 1107 in
904 1066 1163 1108 consolatione
1177 1066 1395 1108 tractandas

231 1154 313 1180 non
336 1141 390 1179 ita
415 1151 594 1180 accurate
611 1151 788 1190 noverat,
805 1150 850 1180 ut
865 1139 1195 1179 admonitionibus
1221 1140 1305 1191 ejus
1330 1154 1395 1178 au·

232 1211 387 1252 ctoritas
404 1211 527 1251 inesse
555 1222 697 1267 posset.
751 1211 940 1252 Ponamus
956 1220 1084 1251 autem
1100 1210 1283 1252 Senecam
1297 1209 1395 1252 haec

229 1283 272 1321 in
297 1282 431 1322 exsilio
455 1297 527 1322 suo
553 1283 643 1322 satis
659 1293 836 1322 accurate
854 1282 1026 1332 novisse,
1047 1292 1135 1321 tum
1149 1281 1249 1321 ratio
1264 1296 1394 1321 neces-

227 1353 327 1393 sario
339 1383 351 1403 ‚
378 1364 424 1394 ut
442 1353 541 1393 mihi
555 1351 711 1394 videtur
721 1383 734 1404 ,
749 1352 1016 1408 requisivisset
1026 1382 1039 1402 ,
1057 1363 1104 1392 ut
1118 1351 1258 1393 diserte
1272 1351 1396 1393 decla·

227 1434 347 1464 rasset
356 1423 463 1464 unde
479 1424 626 1465 factum
640 1434 738 1464 esset
747 1454 760 1475 ,
774 1435 819 1464 ut
828 1425 913 1479 ipse
927 1423 1062 1464 exsilio
1075 1425 1232 1474 absens,
1248 1424 1393 1464 Romae

226 1495 336 1533 urbis
363 1504 529 1544 statum,
558 1494 719 1534 Marciae
744 1494 931 1534 acerbum
955 1492 1152 1544 dolorem,
1177 1493 1393 1550 Metiliique

228 1579 352 1605 mores
378 1576 417 1605 et
445 1565 563 1605 vitam
586 1575 666 1605 tam
692 1565 852 1624 penitus
874 1564 1012 1615 sciret3
1042 1562 1113 1604 sed
1135 1578 1333 1619 nusquam
1347 1565 1392 1605 in

227 1645 308 1676 tota
338 1634 607 1675 Consolatione
635 1634 864 1687 hujusmodi
895 1634 996 1690 quid
1022 1635 1208 1675 occurrit.

284 1706 434 1757 Quibus
461 1704 665 1747 verisimile
693 1705 740 1746 fit
766 1717 812 1746 ut
828 1717 913 1746 tum
928 1694 1256 1761 demumsquutn
1271 1721 1319 1746 ex
1334 1721 1396 1747 ex-

224 1777 309 1818 silio
321 1779 484 1835 Romam
495 1777 672 1818 rediisset
681 1808 694 1828 ,
706 1777 950 1833 Marciaeque
964 1778 1207 1833 pertinacem
1218 1777 1393 1819 dolorem

227 1847 487 1899 cognovisset,
514 1847 621 1887 illam
651 1847 836 1888 consolari
868 1862 1061 1899 aggressus
1088 1849 1152 1888 sit.

279 1918 360 1958 Cur
385 1931 505 1972 porro
531 1934 617 1973 cap.
644 1918 752 1958 XVII
778 1918 885 1958 urbis
907 1918 1084 1973 exemplo
1098 1932 1264 1969 usurus,
1282 1919 1394 1973 Syra-

228 2003 335 2029 cusas
360 1990 607 2044 potissimum
634 1989 846 2049 adhibuit?
899 1988 1029 2030 Credo
1057 1988 1168 2045 quod
1195 1989 1321 2030 exsuli
1337 2005 1395 2030 re-

228 2075 319 2101 cens
336 2075 489 2101 reverso
503 2059 588 2101 loca
604 2060 779 2101 Corsicae
802 2060 948 2101 insulae
963 2062 1192 2116 propinqua
1206 2062 1249 2100 in
1264 2062 1395 2102 animo

225 2130 453 2182 haerebant,
482 2142 522 2171 et
543 2132 601 2172 sic
623 2132 752 2173 statim
768 2132 890 2173 menti
903 2133 1175 2173 occurrebant.
1228 2132 1394 2174 Videtur

227 2213 357 2243 autem
384 2203 481 2242 mihi
497 2203 606 2242 omni
622 2203 704 2242 fere
719 2203 842 2245 dubio
858 2218 987 2244 carere
997 2222 1009 2244 t
1030 2204 1213 2244 Senecam
1224 2234 1237 2254 ‚
1258 2205 1292 2243 si
1307 2205 1393 2259 ipse

226 2274 336 2314 exsul
360 2274 455 2315 haec
482 2274 719 2329 scripsisset,
746 2285 813 2314 aut
836 2289 908 2315 suo
933 2275 1032 2316 vitae
1059 2274 1157 2314 mala
1172 2274 1325 2315 fortiter
1339 2275 1392 2315 fe-

227 2344 344 2385 rendi
368 2345 547 2400 exemplo
570 2360 737 2385 usurum
761 2346 880 2385 fuisse
894 2377 906 2396 ,
935 2357 1020 2397 aut,
1048 2347 1081 2385 si
1095 2346 1228 2386 adhuc
1243 2346 1389 2387 fractus

227 2427 324 2457 esset
338 2416 489 2470 dolore,
508 2416 618 2474 quod
633 2416 874 2457 verisimilius
891 2417 1065 2469 videtur,
1082 2416 1216 2459 eadem
1227 2417 1386 2471 gloriose

228 2487 565 2543 praedicaturum,
597 2503 696 2545 quae
722 2488 836 2529 matri
862 2488 1014 2530 Helviae
1030 2489 1131 2530 dixit
1149 2488 1318 2542 (Consol.
1334 2487 1385 2527 ad
