1848 3122
943 289 1025 332 110

366 423 478 468 Dum
514 422 779 479 deliberatur,
822 422 921 467 dum
957 430 1205 470 accusatores
1239 425 1386 472 iterum
1414 424 1587 483 adeunt,

367 501 438 544 ille
462 515 505 544 se
528 500 763 542 absolverat.
823 501 1018 556 Videsne,
1047 503 1215 556 Marcia,
1244 512 1417 560 quantae
1435 506 1585 563 iniquo-

369 591 460 621 rum
491 583 720 633 temporum
745 577 852 621 vices
881 591 930 620 ex
959 579 1161 635 inopinato
1189 578 1406 634 ingruant?
1473 580 1585 635 Hes,

365 652 476 708 quod
506 652 627 694 alicui
662 659 826 696 tuorum
861 654 963 697 mori
991 666 1149 696 necesso
1183 652 1291 696 fuit?
1347 653 1478 698 Paene
1504 670 1586 699 non

362 728 490 772 licuit.

419 805 564 847 XXIII.
592 804 754 846 Praeter
779 803 878 858 hoc,
906 804 1019 860 quod
1037 816 1157 846 omne
1184 803 1365 847 futurum
1387 805 1585 848 incertum

361 887 445 935 est,
484 888 527 923 et
557 881 612 923 ad
644 881 839 923 deteriora
871 880 1041 922 certius:
1064 879 1219 923 facilius
1245 881 1298 922 ad
1320 894 1484 938 superos
1510 881 1587 923 iter

363 967 425 1001 est
451 959 591 1001 animis
615 959 695 1001 cito
718 957 771 999 ab
794 957 969 1000 humana
990 958 1284 1000 conversatione
1308 957 1494 1015 dimissis:
1510 956 1588 998 mi-

362 1049 440 1077 nus
466 1035 573 1076 enim
598 1033 715 1076 faecis
737 1032 1003 1089 ponderisque
1029 1039 1255 1087 traxerunt,
1286 1040 1501 1088 antequam
1517 1031 1587 1084 ob-

358 1109 577 1161 ducerent,
605 1114 647 1149 et
678 1107 799 1149 altius
829 1114 984 1148 terrena
1011 1108 1264 1163 conciperent
1277 1137 1290 1160 ,
1319 1107 1497 1161 liberati,
1526 1108 1587 1149 le-

358 1184 486 1226 viores
519 1183 572 1225 ad
597 1182 789 1239 originem
814 1195 928 1224 suam
956 1181 1156 1236 revolant,
1193 1189 1235 1224 et
1261 1180 1436 1236 facilius,
1465 1182 1588 1239 quid-

358 1259 461 1316 quid
478 1267 539 1303 est
561 1259 666 1302 illud
692 1258 860 1302 obsoleti
883 1257 1078 1315 illitique,
1107 1258 1262 1301 eluunt.
1292 1260 1375 1302 Neo
1401 1273 1583 1316 unquam

332 1478 336 1482 Α
359 1432 408 1470 ad
427 1432 580 1469 Statium
600 1432 697 1469 Tom.
720 1431 789 1468 111.
810 1442 892 1479 pag.
905 1430 954 1467 94
989 1430 1171 1479 prohibere
1201 1443 1276 1468 non
1302 1436 1393 1479 puto
1413 1432 1586 1480 explicari

359 1494 426 1530 ubi
448 1495 603 1543 perditis
628 1506 754 1529 aevum
777 1493 952 1540 explieat:
985 1503 1092 1539 ‘posse
1122 1503 1166 1528 eo
1195 1492 1304 1528 modo
1339 1505 1414 1541 quo
1446 1494 1587 1541 Lipsius

359 1569 459 1592 »non
497 1557 629 1604 plene,
669 1567 789 1602 neque
818 1558 955 1602 quanta
992 1553 1091 1590 fecit.
1149 1554 1229 1590 Imo
1259 1555 1356 1590 nihil
1387 1556 1587 1603 significare

361 1618 555 1664 »poteratis
581 1616 827 1661 indulgentia,
859 1615 956 1648 vitae
994 1625 1096 1659 posse
1126 1615 1220 1648 mihi
1241 1615 1403 1660 videtur,
1432 1617 1504 1651 nisi
1524 1617 1588 1652 ali-

362 1683 526 1714 »vestrae
545 1677 709 1712 fructum
730 1674 867 1721 capitis-
900 1673 957 1708 Sie
996 1686 1107 1721 quem
1158 1675 1352 1720 prohibere
1396 1677 1589 1722 quominus

361 1751 431 1775 »eo
462 1750 551 1774 aevo
575 1736 799 1783 potissimum
820 1735 956 1770 Latini·
995 1735 1189 1779 moriatur,
1213 1735 1277 1769 sed
1297 1735 1337 1769 id
1356 1748 1431 1771 non
1451 1742 1592 1783 poterat

359 1804 437 1834 »tas
467 1798 659 1845 utebatur,
695 1795 795 1843 quod
832 1794 956 1830 multis
995 1795 1095 1842 fieri5
1122 1800 1165 1831 ut
1185 1795 1262 1843 ipse
1292 1796 1366 1832 iam
1387 1796 1592 1835 declarave-

358 1860 558 1908 »exemplis
584 1860 758 1895 constat.’'
807 1857 850 1893 Et
870 1869 955 1893 sane
993 1863 1050 1894 rat
1067 1857 1164 1894 filiae
1188 1870 1273 1894 suae
1292 1858 1447 1896 Cordus:
1472 1861 1587 1898 Revo-

358 1923 460 1964 loeus
473 1922 628 1957 Senecae
646 1920 693 1955 de
711 1920 841 1955 Brevit.
854 1919 955 1955 Vitae
994 1932 1073 1955 care
1093 1933 1147 1955 me
1166 1932 1232 1955 nec
1249 1920 1366 1966 debes,
1390 1933 1455 1957 neo
1465 1930 1586 1970 potes,

306 2017 309 2022 ἐ
350 1984 443 2032 βαρ.
467 1983 527 2019 lv.
548 1982 574 2032 §
597 1982 615 2017 1
651 1982 722 2017 hoe
744 1980 953 2017 confirmat:
995 1986 1030 2016 et
1060 1993 1184 2017 omnes
1211 1982 1289 2029 jam
1312 1983 1473 2019 sciebant
1493 1985 1585 2033 hoo5

359 2045 443 2081 Non
476 2044 668 2080 observatis
693 2049 864 2090 quantum
878 2044 954 2089 y‘am
993 2055 1078 2079 nam
1112 2044 1262 2091 publica
1301 2045 1462 2093 voluptas
1490 2054 1587 2092 erat,

358 2106 523 2153 temporis
554 2105 758 2140 transierit.-
789 2104 884 2140 νεῖαι
910 2116 954 2139 ex
993 2105 1087 2153 quod
1115 2118 1133 2140 ο
1156 2106 1335 2154 saucibus
1358 2107 1589 2143 avidissimo-

352 2168 462 2215 pleno
481 2173 516 2201 et
532 2166 730 2201 abundanti
741 2166 904 2212 perditis.
992 2178 1071 2202 rum
1091 2166 1252 2213 luporum
1273 2167 1475 2204 educemur
1482 2180 1586 2215 prae-

408 2228 547 2275 Lipsius
583 2227 726 2274 legens:
762 2238 811 2262 an
847 2233 953 2261 morte
993 2227 1052 2263 da.
1103 2226 1174 2263 Hae
1195 2226 1242 2262 de
1261 2239 1367 2265 causa
1388 2227 1517 2263 Mureti
1535 2229 1585 2266 le·

359 2291 414 2326 rei
437 2289 707 2337 prohiberentur
729 2287 859 2324 eodem
878 2286 953 2324 fere
993 2287 1066 2324 ctio
1096 2301 1143 2325 an
1168 2297 1276 2325 morto
1294 2291 1348 2325 rei
1358 2290 1588 2337 perderemur

359 2350 470 2388 modo
491 2350 666 2396 explicat:
693 2349 891 2385 »liceretne
911 2350 954 2385 iis
992 2350 1586 2391 uniceadmittendamihividetur.

359 2414 435 2449 »ita
465 2411 561 2448 mori
592 2416 633 2446 ut
664 2411 758 2448 salva
788 2411 882 2446 bona
917 2416 953 2447 et
1041 2413 1089 2450 Se
1111 2413 1306 2449 absolverat
1326 2416 1508 2462 tamquam
1523 2415 1584 2463 ju-

361 2477 595 2513 »testamenta
605 2475 755 2512 essent.''
767 2472 837 2509 Sed
846 2481 953 2510 morte
991 2475 1062 2514 dex
1086 2475 1132 2513 de
1155 2487 1193 2512 se
1216 2474 1305 2522 ipse.
1330 2519 1336 2526 ι
