1848 3122
1012 303 1070 344 8ss

431 451 512 486 tus.
573 441 613 482 2.
643 440 684 481 Si
706 440 797 495 quis
822 441 1032 496 Syracusas
1053 439 1207 495 petenti
1233 437 1403 480 diceret:
1431 437 1559 480 omnia
1581 437 1644 478 in—

427 516 632 562 commoda
645 546 658 570 ‚
686 529 834 574 :omnes
870 515 1092 572 voluptates
1131 514 1287 556 futurae
1323 514 1644 572 peregrinationis

426 603 520 636 tuae
557 601 649 634 ante
683 607 898 647 cognosce,
938 593 1083 634 deinde
1117 593 1172 633 ita
1201 591 1352 646 naviga.
1412 593 1520 635 Haec
1550 600 1644 635 sunt

425 681 529 727 quae
559 668 693 709 mirari
726 668 875 724 possis:
914 668 1065 710 videbis
1104 666 1278 723 primum
1310 667 1439 723 ipsam
1473 667 1644 710 insulam

423 744 477 787 ab
515 744 625 787 Italia
658 751 826 799 angusto
859 744 1084 785 intercisam
1115 742 1238 797 freto,
1276 757 1398 800 quam
1426 744 1644 786 continenti

421 821 627 877 quondam
662 820 878 863 cohaesisse
903 826 1058 862 constat
1071 813 1096 872 ς’
1110 819 1291 862 subitum
1316 819 1384 862 illo
1406 832 1516 861 mare
1539 819 1644 862 irru-

420 904 509 955 pst,
537 904 580 939 et
646 957 882 1008 Hesperium
909 954 1044 997 Siculo
1070 955 1182 994 latus
1208 954 1404 994 abscidit.-

361 1072 364 1075 -
420 1044 567 1086 deinde
609 1045 762 1087 videbis
809 1045 920 1101 (licet
956 1045 1063 1086 enim
1103 1043 1178 1085 tibi
1214 1043 1485 1086 avidissimum
1522 1044 1639 1085 maris

418 1120 610 1160 verticem
643 1120 851 1175 stringere)
888 1126 1051 1161 stratam
1089 1108 1205 1158 illam'
1234 1118 1454 1160 fabulosam
1492 1119 1641 1175 Chary-

415 1194 554 1248 bdim,
583 1194 778 1251 quamdiu
803 1194 855 1235 ab
882 1193 1027 1236 Austro
1051 1200 1187 1245 vacat3
1216 1200 1257 1235 at
1279 1193 1313 1235 si
1334 1192 1439 1249 quid-
1453 1192 1546 1235 inde
1570 1207 1640 1235 ve-

414 1271 639 1313 hementius
661 1271 849 1328 spiravit,
879 1284 1022 1326 magno
1048 1269 1163 1311 hiatu
1185 1268 1463 1326 profundoque
1485 1270 1639 1326 navigia

414 1348 657 1390 sorbentem.
725 1346 767 1388 3.
810 1346 972 1389 Videbis
1012 1346 1364 1388 celebratissimum
1398 1347 1638 1389 carminibus

411 1422 563 1464 fontem
600 1422 837 1464 Arethusam
850 1453 862 1476 ,
892 1422 1117 1464 nitidissimi
1142 1436 1188 1463 ac
1216 1422 1412 1478 perlucidi
1433 1423 1485 1468 ad
1512 1423 1637 1465 imum

410 1499 564 1552 stagni,
608 1497 864 1552 gelidissimas
898 1511 1022 1553 aquas
1062 1497 1390 1553 profundentem:
1431 1500 1513 1540 sive
1549 1498 1637 1541 illas

408 1572 468 1614 ibi
497 1573 673 1629 primum
705 1579 911 1614 nascentes
943 1572 1118 1625 invenit,
1154 1573 1236 1614 sive
1266 1573 1497 1615 immersum
1522 1575 1636 1616 terris

457 1761 521 1796 Ita
541 1751 687 1808 ndniga.
713 1759 770 1794 Sic
790 1756 1001 1805 Ep.cxvu.
1042 1769 1114 1792 non
1153 1758 1231 1793 sine
1265 1759 1429 1805 periculo
1471 1762 1632 1809 strinqet.

406 1821 504 1871 §23.
522 1822 622 1865 »Ita‚
636 1822 773 1867 inquit,
797 1832 903 1874 quan}
918 1820 1002 1866 pn‘·
1041 1818 1141 1855 Conf.
1168 1819 1220 1854 ibi
1243 1819 1369 1855 Nauta.

406 1896 504 1919 mum
534 1883 700 1918 moriar.''
742 1882 821 1926 Ita,
856 1885 1000 1925 autem,
1089 1880 1153 1915 Ibi
1178 1881 1334 1927 primum
1363 1888 1543 1916 nascentes
1568 1883 1631 1917 in-

405 1956 473 1992 pro
496 1957 539 1980 ea
562 1943 774 1979 conditione.
1039 1937 1139 1977 ven‘it
1153 1952 1232 1988 sqq.
1265 1941 1440 1988 Cot-rupta
1458 1941 1548 1978 haec
1563 1943 1630 1990 ju-

455 2006 559 2041 Lioet
576 2007 684 2041 enim.
716 1992 854 2051 Lipsius
868 2002 998 2039 edidit:
1038 2002 1135 2039 dicat
1143 2004 1180 2039 T.
1189 2003 1472 2039 namsterhusius
1481 2004 1628 2042 Lucian.

407 2066 529 2101 licebit
558 2067 653 2101 enim
664 2093 675 2110 ,
701 2065 816 2110 unde,
846 2077 920 2100 non
940 2064 1000 2099 di-
1037 2066 1135 2101 Tom.
1155 2065 1185 2101 Ι.
1205 2076 1285 2112 pag.
1296 2065 1385 2112 297,
1403 2069 1440 2100 et
1460 2065 1627 2112 »timide‚

407 2127 481 2172 xit,
495 2126 557 2162 sed
573 2127 634 2162 hic
649 2126 844 2162 necessarie
860 2126 1000 2174 requiri
1038 2131 1104 2161 »ut
1135 2126 1202 2171 ait,
1237 2126 1404 2173 conjicit:
1439 2127 1515 2162 sive
1546 2127 1628 2163 illae

407 2187 500 2222 mihi
522 2188 680 2223 videtur.
1038 2188 1117 2222 »ibi
1126 2189 1284 2235 primum
1301 2200 1449 2223 nascens
1464 2188 1601 2224 invenit
1609 2203 1626 2232 ;

457 2249 648 2299 Stringere.
673 2249 787 2296 Hujus
806 2248 909 2284 verbi
924 2248 998 2283 vim
1037 2250 1136 2284 »eive
1154 2250 1196 2284 in
1216 2250 1331 2298 ipsum
1346 2255 1535 2296 penetrans
1544 2251 1627 2298 flu·-

404 2311 541 2359 optime
562 2312 717 2358 explicat
737 2312 838 2347 locus
854 2310 900 2345 de
918 2310 997 2347 Pro·
1038 2324 1141 2347 nmen
1167 2315 1256 2348 eto?
1280 2324 1364 2347 nam
1376 2338 1387 2355 ‚
1422 2311 1522 2347 addit
1539 2313 1624 2359 ille,

403 2374 480 2410 vid.
509 2372 570 2409 IV.
592 2373 616 2421 §
636 2373 672 2409 9.
711 2373 819 2421 Quem
838 2373 997 2420 specula·
1036 2374 1114 2410 Nat.
1143 2374 1183 2419 Q.
1217 2373 1276 2409 VI.
1305 2372 1387 2419 Cap.
1409 2372 1432 2408 8
1460 2375 1626 2412 similiter

403 2438 461 2473 ria
487 2447 622 2483 semper
646 2435 690 2470 ab
719 2435 856 2483 adflatu
875 2436 997 2470 vindi·
1034 2436 1111 2472 fere
1133 2436 1244 2471 dixit:
1269 2434 1456 2482 Alpheum,
1477 2438 1624 2474 celebra-

403 2505 528 2534 carum
559 2524 567 2533 .
581 2524 590 2533 .
606 2525 613 2533 .
653 2496 747 2532 hunc
785 2497 873 2532 levis
908 2510 995 2533 aura
1036 2506 1110 2533 tum
1123 2498 1256 2544 poetis,
1280 2498 1321 2531 in
1337 2498 1477 2546 Achaia
1494 2501 1621 2557 mer-qi,
