1848 3122
800 463 805 467 .
959 430 1026 468 IV.

464 500 511 540 ln
548 500 629 539 Cic.
670 497 719 538 de
757 499 886 540 Divin.
930 500 1018 540 Lib.
1052 501 1104 542 II.
1143 502 1238 557 Cap.
1281 506 1327 553 9,
1363 502 1573 557 probabilis

410 571 508 610 mihi
543 569 697 610 videtur
734 570 878 625 Tanaq.
918 571 1011 611 Fab.
1047 572 1150 625 (Lib.
1184 573 1215 611 Ι.
1247 572 1321 626 ΕΡ.
1354 574 1410 626 4.)
1449 575 1577 625 conje-

409 653 540 682 ctura:
584 657 625 681 ee
667 644 712 680 in
750 643 962 682 solitudine
998 642 1284 696 Aeqyptiomm
1331 645 1574 686 trucidatum

408 714 466 751 iri
502 712 686 752 mutantis
715 712 755 751 in
771 730 782 752 ε
823 727 864 751 ee
893 728 920 753 a
949 713 1117 752 satellico
1149 712 1342 767 Aeqyptio
1376 717 1572 754 contruci-

409 785 548 824 datam
573 786 640 823 iri.-

653 842 656 846 ’
879 860 882 862 ’
964 853 1010 892 v.

460 924 564 964 Viris
602 923 727 964 doctis
767 924 950 964 assentior
986 924 1056 979 qui
1096 924 1180 966 cic.
1212 925 1368 966 Tuscul.
1404 925 1450 964 V.
1493 927 1570 976 38,

408 1011 484 1051 pro
510 996 666 1037 videbat
692 997 736 1034 in
764 996 891 1034 litoris
920 993 1054 1047 legunt
1079 996 1233 1035 vivebat
1257 1001 1301 1035 in
1328 997 1466 1035 literis.

961 1067 1027 1107 VI.

461 1137 510 1176 In
529 1136 674 1177 Seneca
697 1134 747 1175 de
769 1135 830 1175 Ira
856 1136 942 1175 Lib.
967 1136 1017 1176 ΙΙ.
1050 1136 1144 1191 cap.
1163 1139 1240 1187 30,
1274 1139 1296 1190 §
1316 1138 1362 1188 2,
1381 1137 1509 1188 ¹*verba
1538 1140 1577 1176 ei

406 1211 542 1262 im’que
580 1209 777 1260 accepisse
815 1207 1000 1248 mutanda
1030 1222 1166 1249 censeo
1196 1209 1239 1247 in
1272 1211 1312 1248 si
1342 1210 1485 1263 iniqua
1518 1223 1580 1249 ac·

409 1282 570 1332 cepi-ne.

950 1350 1035 1391 VII.

462 1421 550 1461 Non
578 1421 667 1460 satis
697 1434 830 1459 causae
854 1419 965 1460 video
993 1436 1064 1460 cur
1089 1422 1206 1460 verba
1229 1421 1317 1461 Sen.
1346 1421 1406 1467 del
1420 1421 1481 1459 Ira
1505 1421 1577 1461 111.

412 1493 508 1547 Cap.
539 1494 590 1534 22
615 1490 769 1531 ultima:
799 1491 871 1531 Ea?
895 1492 959 1531 Ιιίε
982 1492 1135 1532 duobus
1157 1502 1234 1532 cet.
1262 1502 1307 1532 ut
1330 1491 1577 1547 Ruhkopfius

412 1563 519 1614 vult,
546 1563 766 1614 ejiciantur.

943 1631 1050 1670 VIII.

470 1702 710 1742 Herodotum
732 1703 774 1741 in
800 1701 970 1742 historiis
991 1702 1142 1756 populo
1167 1703 1464 1742 Atheniensium
1489 1701 1581 1742 adu-

416 1774 537 1815 latum
562 1773 681 1814 fuisse
708 1787 788 1813 non
813 1783 926 1827 puto.

967 1843 1033 1882 IX.

470 1918 569 1957 Vere
597 1916 899 1967 Heidbreedius,
936 1916 978 1954 in
1004 1914 1271 1969 disputatione
1300 1914 1349 1955 de
1377 1914 1422 1954 L.
1450 1915 1496 1955 A.
1524 1914 1586 1955 Se-

419 2005 534 2029 necae
575 1987 844 2028 Consolatione
887 1986 936 2025 nd
969 1986 1151 2026 Marciam
1196 2000 1283 2040 pag.
1319 1988 1391 2035 14,
1433 1996 1589 2025 conten-

419 2060 509 2099 dere
548 2060 648 2099 mihi
689 2057 869 2108 videtur,
911 2058 1079 2098 Senecae
1121 2055 1299 2112 epistolas
1341 2056 1586 2112 potissimum

418 2141 581 2186 propter
608 2129 709 2170 illud
737 2144 817 2169 esse
842 2127 1202 2183 reprehendendas,
1231 2127 1341 2184 quod
1365 2126 1586 2179 Quinctiliu-

419 2218 492 2242 nus
517 2203 560 2241 in
587 2202 664 2242 hoc
690 2196 845 2241 auct'ore
874 2201 1080 2253 castigavit.

981 2271 1028 2311 X.

474 2343 572 2383 Vere
607 2343 751 2384 Seneca
764 2373 776 2394 ,
816 2341 892 2396 Ep.
929 2341 1169 2382 LXXXVIII.
1212 2341 1419 2381 Liberalia
1452 2340 1586 2380 studia

421 2430 503 2455 mm
534 2416 718 2455 virtutem
751 2415 846 2455 dare
875 2422 1067 2467 possum,
1094 2414 1165 2455 eod
1196 2415 1380 2454 animum
1409 2412 1464 2453 ad
1487 2414 1587 2453 aoei-

417 2488 608 2540 piemlam
634 2487 821 2526 vireu-cem
842 2494 1098 2538 praeparant.
