1848 3122
946 307 997 346 20

394 433 477 474 Hoc
502 432 688 474 libertatis
713 431 890 472 studium
906 442 944 472 et
960 433 1119 488 scriptis
1135 445 1175 475 et
1199 434 1314 476 dictis
1340 435 1559 478 declaravit.

394 505 562 559 Scripsit
585 504 659 542 sub
690 503 866 555 Augusto
892 517 952 543 res
977 504 1098 556 hujus
1126 505 1392 559 imperatoris,
1419 518 1460 547 et
1488 506 1565 547 bel-

395 575 524 617 lorum
562 573 737 615 civilium
772 575 973 616 historiam
1014 575 1184 630 (Vossius
1219 575 1270 616 de
1301 578 1393 619 bist.
1422 578 1506 621 Lat.
1532 578 1564 619 I.

396 661 481 700 cap.
518 645 656 699 XXII).
712 646 826 696 Quod
864 661 944 686 non
973 646 1173 686 literarum
1203 646 1358 698 studio,
1392 648 1461 688 sed
1494 649 1568 689 Ro·

392 717 496 756 mani
525 731 686 772 quoque
724 717 867 773 populi
893 730 1019 756 amore
1053 716 1198 757 ductus
1231 716 1386 759 videtur
1416 718 1564 760 fecisse.

393 786 550 827 Idcirco
577 788 621 825 in
643 788 805 826 historia
829 787 1022 827 bellorum
1049 788 1223 828 civilium
1251 789 1365 829 Bruti
1392 801 1431 830 et
1449 790 1568 829 Cassii

394 859 530 898 merita
555 859 599 897 in
621 858 761 914 Remp.
782 858 1015 900 ostenderat.
1070 859 1144 899 Eos
1170 858 1341 901 cedentis
1355 861 1439 914 jam
1455 859 1569 902 liher-

400 932 487 970 tatis
522 935 640 970 seros'
651 930 825 971 vindices
841 932 1001 970 summis
1019 930 1272 972 celebraverat
1288 931 1482 972 laudibus.
1520 933 1570 973 Et

401 1012 647 1057 quantopere
673 1000 850 1058 aequales
868 1002 928 1041 sui
944 1003 993 1041 ab
1010 1002 1154 1042 horum
1169 1001 1395 1044 excellentia
1411 1003 1571 1056 degene-

400 1087 503 1112 rasse
527 1073 602 1112 sibi
625 1072 855 1113 viderentur
872 1073 1113 1113 declarabat:
1133 1074 1309 1113 Brutum
1328 1083 1365 1114 et
1382 1075 1571 1115 Caesium

400 1141 672 1182 Romanorum
689 1145 855 1183 ultimos
869 1145 1043 1183 vocando
1061 1143 1176 1183 Tacit.
1197 1145 1302 1184 Ann.
1319 1145 1386 1184 IV.
1406 1160 1492 1199 cap.
1506 1146 1571 1186 37.

403 1213 511 1254 Suet.
540 1214 583 1252 in
613 1213 699 1254 Tib.
728 1228 816 1268 cap.
846 1214 911 1254 61.
964 1213 1093 1254 Julius
1113 1214 1247 1254 Caesar
1265 1225 1304 1255 et
1320 1214 1517 1266 Augustus
1533 1227 1574 1257 et

404 1284 527 1325 tulere
552 1286 625 1325 ista
650 1296 688 1325 et
711 1284 923 1340 reliquere,
952 1300 1045 1325 cum
1065 1285 1214 1325 Cordus
1231 1287 1276 1325 iis
1293 1285 1472 1327 historias
1487 1302 1574 1327 suas

405 1356 582 1396 recitavit
608 1356 713 1396 Suet.
742 1356 827 1395 Tib.
859 1370 947 1410 cap.
977 1357 1023 1397 61
1054 1366 1093 1396 et
1118 1356 1236 1397 Tacit.
1268 1357 1372 1397 Ann.
1402 1358 1478 1409 IV,
1507 1361 1573 1399 34.

407 1427 583 1467 Tiberius
594 1442 674 1467 non
686 1427 788 1467 tulit.
807 1427 1029 1467 Accedebat
1045 1426 1153 1482 quod
1170 1442 1217 1467 eo
1233 1428 1319 1479 jam
1332 1427 1500 1468 adulatio
1516 1428 1580 1468 dc-

406 1509 582 1549 venerat,
610 1508 654 1537 ut
671 1499 713 1537 in
734 1498 913 1553 Pompeji
929 1497 1079 1538 theatro
1095 1513 1116 1537 a
1132 1496 1283 1537 Tiberio
1299 1499 1479 1539 restituto
1504 1509 1577 1539 sta-

408 1581 475 1610 tua
502 1568 689 1623 ponenda
717 1568 990 1609 decerneretur
1017 1569 1168 1620 Sejano.
1199 1568 1315 1609 Cons.
1345 1569 1465 1610 XXII.
1495 1573 1577 1624 §3.

411 1641 726 1692 Indignationem
755 1655 838 1680 non
866 1641 1051 1695 repressit
1080 1640 1251 1680 Cordus=
1281 1655 1364 1681 non
1386 1641 1580 1683 dubitavit

415 1711 650 1752 exclamare:
680 1722 776 1753 tunc
791 1726 879 1752 vere
895 1711 1094 1751 theatrum
1111 1711 1250 1764 perire.
1306 1712 1419 1762 Quod
1435 1726 1483 1752 ex
1498 1712 1585 1753 alio-

414 1788 506 1824 rum
532 1783 717 1838 exemplis
737 1784 819 1835 jam
845 1782 972 1833 colligi
986 1793 1190 1837 potuerat,
1208 1782 1365 1823 accidit.
1419 1784 1584 1824 Accusa-

417 1865 483 1894 tur
500 1854 652 1894 cordus
667 1868 768 1894 novo
780 1868 825 1893 ac
840 1864 937 1892 tunc
956 1853 1131 1907 primum
1142 1852 1275 1892 audito
1289 1854 1466 1904 crimine,
1481 1856 1587 1908 quod

418 1922 535 1961 editis
561 1921 798 1971 annalibus,
827 1921 1064 1974 laudatoque
1088 1918 1151 1960 M.
1169 1919 1315 1971 Bruto,
1338 1919 1380 1959 C.
1400 1920 1587 1961 Canium

422 1991 694 2031 Romanorum
724 1993 915 2031 ultimum
950 1992 1120 2031 deaucet
1145 1990 1265 2031 Tacit.
1293 1990 1397 2030 Ann.
1424 1991 1493 2042 IV,
1523 1995 1587 2033 34.

421 2063 515 2102 Jam
527 2092 538 2112 ‚
555 2076 676 2102 canes
689 2063 754 2101 illi
765 2063 973 2113 acerrimi,
987 2062 1178 2101 delatores
1197 2062 1498 2101 circumlatrare
1515 2062 1588 2101 lto-

425 2135 572 2173 minem
585 2162 596 2179 ,
625 2141 662 2172 et
678 2134 791 2172 illum
805 2135 1042 2185 imperatum
1059 2133 1255 2187 incipiunt
1272 2133 1409 2186 (XXII.
1427 2132 1591 2187 consol.)

483 2202 586 2254 Quid
603 2203 746 2243 faceret
771 2202 943 2243 Cordus!
965 2202 1118 2242 Sciebat
1134 2203 1236 2243 inter
1252 2204 1471 2255 Sejanianos
1488 2201 1595 2243 satel-

428 2275 515 2314 lites
542 2285 707 2314 mortem
735 2288 854 2312 unam
878 2283 1010 2326 patere
1036 2275 1228 2314 servitutis
1254 2274 1387 2325 fugam
1410 2273 1541 2327 (Cous.
1558 2274 1589 2314 1.

429 2348 454 2398 §
479 2346 534 2399 2).
577 2346 715 2401 Itaque
731 2344 1011 2399 relinquendae
1026 2345 1126 2386 vitae
1147 2356 1275 2385 certus
1292 2343 1527 2384 liberrimam
1541 2343 1592 2384 ad

430 2418 615 2459 Senatum
653 2417 866 2457 orationem
896 2416 1055 2468 habuit,
1082 2418 1283 2471 vitamque
1309 2415 1438 2456 inedia
1468 2415 1594 2458 finivit

431 2488 570 2541 (Tacit.
590 2489 692 2529 Ann.
711 2488 764 2528 IV
782 2491 832 2529 34
850 2499 888 2529 et
904 2491 968 2530 35.
996 2489 1045 2530 Et
1062 2487 1215 2544 Consol.
1232 2486 1371 2539 XXII.)
