1848 3122
758 311 837 354 111

192 443 344 501 magnis
379 442 546 499 ingeniis
580 455 671 486 cara
699 443 742 486 in
774 455 940 502 corpore
966 456 1076 488 mora
1101 449 1185 489 eat:
1212 443 1319 488 exire
1341 453 1404 491 at·

192 534 273 580 que
304 532 513 577 erumpere
542 520 739 576 gestiunt,
776 534 890 578 aegre
913 520 983 564 has
1015 523 1216 578 angustias
1245 521 1406 577 ferunt,

192 597 281 653 vagi
308 611 382 654 per
412 610 528 640 omne
559 595 755 651 sublime,
793 604 835 639 et
860 611 909 639 ex
923 596 927 599 ’
943 598 1023 641 alto
1056 600 1204 642 assueti
1233 598 1408 641 humana

193 673 408 730 despicere.
468 671 510 714 2.
540 673 637 715 Inde
663 679 725 716 est
754 672 865 730 quod
890 672 1001 716 Plato
1025 674 1190 716 clamat:
1211 674 1408 731 Sapientis

194 750 370 792 animum
395 757 526 792 totum
554 749 597 790 in
615 756 785 792 mortem
806 751 1047 807 prominere,
1075 750 1152 793 1100
1173 750 1300 804 velle,
1329 750 1408 793 hoc

151 874 156 878 .
191 826 398 880 meditari,
426 825 502 866 1130
526 838 682 882 semper
708 826 895 882 cupidine
919 826 1013 868 ferri
1034 827 1078 868 in
1101 827 1292 868 exteriora
1315 833 1408 867 ten-

191 902 368 944 dentem.
410 892 534 953 =Quid
556 908 624 954 tu,
653 901 823 954 Marcia,
851 900 979 957 quum
999 901 1153 943 videres
1178 902 1342 943 senilem
1364 901 1410 943 in

190 978 335 1018 iuvene
377 976 631 1033 prudentiam
645 1008 658 1030 ‚
707 977 899 1019 victorem
945 967 1123 1018 omnium
1157 977 1410 1032 voluptatum

191 1053 369 1112 animum
383 1083 396 1106 ,
440 1052 696 1095 emendatum
710 1083 736 1106 ,,
752 1058 949 1093 carentem
985 1052 1100 1106 vitio,
1137 1051 1292 1094 divitias
1326 1052 1412 1095 sine

192 1128 375 1181 avaritia,
414 1127 581 1170 1101101·οε
607 1127 693 1170 sine
717 1127 952 1180 ambitione,
989 1113 1214 1184 voluptates
1235 1129 1320 1171 sine
1342 1128 1410 1171 lu·

190 1204 301 1245 xuria
330 1210 584 1260 appetentem
598 1234 610 1257 ,
649 1203 723 1245 diu
758 1202 832 1244 tibi
866 1203 1037 1259 putabas
1070 1203 1186 1245 illum
1219 1204 1410 1260 sospitem

188 1293 308 1335 posse
339 1278 595 1334 contingere?
652 1279 859 1335 Quidquid
884 1279 936 1321 ad
964 1294 1168 1322 summum
1203 1274 1408 1336 pervenit,

190 1355 243 1396 ad
278 1356 428 1397 exitum
460 1368 587 1412 prope
616 1361 689 1397 est.
749 1354 876 1412 Eripit
901 1369 945 1397 se
977 1354 1186 1412 aufertque
1211 1368 1261 1397 ex
1283 1354 1408 1397 oculis

187 1429 363 1487 perfecta
381 1432 526 1474 virtus:
553 1444 628 1473 nec
645 1430 835 1474 ultimum
854 1438 1014 1490 tempus
1034 1427 1284 1489 exspectant,
1303 1444 1408 1489 quae

233 1576 339 1612 Plato
370 1577 510 1612 clamat.
563 1575 777 1612 Attendatur
815 1575 977 1612 Sanctius
1017 1576 1102 1613 Min.
1140 1576 1219 1613 Lib.
1251 1576 1283 1613 I.
1321 1574 1406 1624 Cap.

185 1637 337 1672 verbum
368 1638 497 1672 elamat
523 1642 708 1682 tamquam
731 1636 778 1671 de
815 1635 906 1671 XVI.
927 1648 1011 1682 pag.
1024 1637 1113 1681 150,
1136 1638 1203 1684 qui
1217 1648 1304 1672 cum
1323 1637 1409 1673 Gro-

183 1710 225 1734 re
256 1697 481 1744 gravi-sima,
516 1709 626 1744 quam
655 1708 778 1732 veram
816 1696 925 1732 novio
953 1696 1040 1732 facit
1070 1702 1107 1732 et
1140 1698 1306 1745 exempla
1334 1698 1409 1736 dat.

185 1772 259 1795 esse
277 1760 410 1794 debere
431 1759 580 1792 intimus
601 1758 680 1802 ejus
699 1770 777 1793 sen·
815 1756 1053 1802 Aliquatenus
1082 1759 1156 1793 11110
1184 1771 1331 1805 quoque
1357 1760 1409 1795 fa-

184 1832 261 1864 sus,
295 1819 483 1854 dubitante
513 1817 675 1863 ratione,
700 1817 777 1853 010-
814 1816 907 1862 ciat,
941 1822 983 1853 ut
1011 1818 1158 1864 opinor,
1198 1818 1246 1853 de
1277 1819 1406 1867 Tranq.

185 1882 304 1918 mahat
310 1909 321 1926 ‚
334 1886 371 1917 et
388 1880 554 1917 omnihus
570 1879 777 1916 hominibus
814 1879 863 1915 II.
893 1878 919 1928 §
947 1879 979 1915 1.
1016 1879 1150 1928 Quaero
1175 1880 1405 1929 jamdudum,

184 1943 401 1993 persuadere
439 1942 593 1978 volebat.
658 1941 775 1978 Horat.
814 1942 890 1989 ipae
916 1942 1066 1986 tacitum,
1101 1943 1162 1977 cui
1192 1942 1297 1977 talem
1320 1944 1406 1991 affe-

186 2005 300 2042 Serm.
324 2004 363 2050 1,
388 2004 426 2049 1,
450 2003 506 2040 12.
534 2003 634 2039 Soloe
644 2004 777 2052 felices
815 2009 910 2038 cium
940 2003 1055 2038 animi
1083 2004 1235 2038 similem
1257 2011 1404 2051 putem:

184 2068 342 2102 viventes
366 2066 494 2101 clamat
516 2066 559 2100 iu
581 2065 676 2101 urhe.
814 2076 879 2099 nee
895 2065 1005 2100 ullius
1017 2066 1167 2112 propius
1191 2066 1406 2101 admoverim

233 2128 296 2165 Ad
314 2128 448 2162 exitum
460 2139 570 2175 prope
592 2133 654 2162 est.
679 2126 777 2162 Hanc
814 2126 984 2174 exemplo,
1002 2138 1108 2173 quam
1125 2138 1245 2161 emm
1264 2126 1405 2163 11111113-

185 2189 290 2226 1101111.
317 2188 510 2224 lectionem
535 2193 661 2223 tuetur
684 2188 776 2224 Gro-
813 2187 910 2222 tivus
939 2188 1094 2235 exemplo
1120 2188 1167 2223 ab
1193 2188 1405 2223 admoverim

185 2251 325 2287 novius.
350 2249 487 2296 Lipsius
502 2253 618 2285 mutat
633 2249 681 2285 ad
695 2250 775 2285 eati-
813 2248 974 2295 pendere
991 2253 1121 2295 potest,
1148 2260 1214 2295 pro
1230 2249 1278 2284 ad
1293 2263 1405 2286 esem·

184 2318 260 2347 tum
280 2312 320 2347 in
342 2313 387 2348 ab
408 2313 517 2347 exitu.
541 2309 700 2359 »Prope‚
724 2310 775 2347 ait
806 2311 921 2357 plum.
971 2309 1039 2345 Sed
1054 2310 1202 2358 propius
1224 2309 1338 2357 forte,
1363 2316 1403 2347 ut

183 2373 407 2409 »Gronovius
414 2401 425 2419 ‚
472 2377 524 2410 est
559 2371 774 2408 adverbium
812 2372 974 2408 Sanctius
1003 2376 1145 2417 monet,
1182 2377 1235 2408 est
1267 2378 1304 2409 et
1333 2373 1402 2408 hoc

184 2447 281 2471 »11011
300 2436 548 2483 praepositio.''
578 2434 699 2470 Ruhk.
711 2433 772 2469 de·
812 2433 892 2471 loco
923 2434 1185 2480 comparativus
1213 2434 1401 2481 adjectivi,

183 2496 313 2533 uiderat
354 2497 530 2544 exempla.
589 2496 658 2532 Sed
695 2495 770 2534 vid.
811 2496 976 2535 neutrius
998 2495 1150 2541 generis.
