1848 3122
992 306 1049 349 34

419 442 491 485 sed
524 442 669 485 dedisti
706 455 848 485 manus
874 443 1002 496 victa,
1037 441 1257 500 fudistique
1284 443 1462 487 lacrimas
1489 443 1641 501 palam,

420 528 462 561 et
489 520 657 574 gemitus
681 517 879 570 devorasti
904 517 1091 574 quidem,
1121 533 1202 560 non
1224 527 1359 562 tamen
1381 520 1497 566 hilari
1517 519 1646 562 fronte

471 602 546 638 Sed
553 602 683 637 dedisti
688 621 737 628 —
743 604 877 639 texisti.
901 603 1015 639 Locus

1053 599 1211 638 interim'
1237 603 1379 639 obruere
1416 611 1451 639 et
1485 604 1647 639 devorare

419 664 526 699 variis
552 669 589 698 et
615 664 831 700 lectionibus
850 671 886 701 et
904 666 1013 700 inter-
1050 665 1216 712 gemitum
1265 663 1369 699 Domi
1395 665 1518 712 itaque
1543 665 1647 701 lacri-

417 724 675 772 punctionibus
691 730 860 761 tentatus.
906 726 1016 761 N’obis

419 791 562 822 tantum
576 798 662 823 cum
681 784 798 834 Lipsio
814 791 851 822 et
868 786 1014 822 Ruhko-

418 848 491 895 pfio
517 860 574 883 res
601 849 658 883 sit.
709 849 847 894 Lipsius
868 853 1016 882 eatenus

419 909 583 957 sequitur
593 908 806 944 Pincianum
819 913 862 944 ut
869 936 879 954 ‚
891 913 1017 944 contra

421 984 546 1008 omnes
571 971 681 1007 libros
708 972 870 1018 scriptos,
893 971 1017 1019 palam

421 1038 540 1068 mutet
554 1033 594 1067 111
605 1034 697 1068 clam
707 1038 743 1067 et
755 1033 860 1079 legat:
863 1033 1017 1080 fudisti-

420 1107 487 1142 que
498 1095 672 1142 lacrymas
681 1095 808 1130 clam.”
820 1095 1016 1142 Lacrymas,

418 1156 558 1202 inquit,
583 1155 768 1190 abscondit
788 1154 934 1199 Marcia,
956 1156 1016 1189 vel

419 1229 467 1252 ne
483 1216 579 1264 patri
593 1216 754 1253 dolorem
770 1215 937 1263 adderet3
957 1215 1017 1251 vel

420 1279 509 1326 quia
538 1279 606 1313 suh
634 1278 824 1325 tyrannide
857 1290 924 1313 nec
955 1283 1017 1313 tu-

421 1342 539 1375 tum.''
603 1339 663 1375 His
697 1352 782 1376 vero
817 1339 1018 1375 rationibus

421 1414 496 1437 non
522 1401 682 1437 adducor
707 1407 748 1437 ut
754 1424 765 1446 ,
789 1414 856 1448 pro
871 1402 1016 1448 palam,

420 1464 513 1499 clam
529 1464 660 1510 legam.
692 1464 783 1499 Nam
805 1463 934 1499 Marcia
955 1475 1016 1510 po-

420 1529 515 1561 terat
541 1530 577 1561 et
595 1526 719 1573 palam
742 1526 915 1573 lacrymas
935 1525 1015 1560 fun-

421 1586 531 1630 dere,
568 1591 605 1621 et
635 1591 758 1621 tamen
790 1598 866 1621 non
896 1587 1018 1620 coram

422 1652 525 1695 patre
557 1647 623 1694 qui
651 1659 687 1682 se
709 1645 896 1682 abdiderat
917 1645 1017 1695 (Cap.

423 1709 534 1744 XXII.
557 1708 582 1756 §
600 1707 637 1755 5)
649 1723 660 1754 3
694 1713 730 1743 et
750 1709 790 1743 in
810 1720 853 1744 eo
873 1720 1020 1755 quoque

423 1770 574 1806 Marciae
601 1769 767 1817 apparuit
787 1770 899 1816 pietas
920 1768 1019 1816 quod

422 1831 651 1881 tyrannidem
671 1831 879 1867 nontimuit.

470 1892 694 1940 Ruhkopfius
732 1897 853 1928 autem
885 1892 1018 1928 retinet

415 1958 557 2012 palam,
582 1961 793 2003 mutataque
810 1956 1018 2002 interpunc-

424 2019 522 2053 tione
547 2018 709 2064 corrigit:
733 2018 940 2064 fudistique
963 2017 1019 2051 la-

425 2092 586 2126 cryma⁸;
601 2080 725 2126 palam
741 2085 775 2113 et
793 2080 943 2126 qemitus
963 2078 1018 2112 de-

424 2142 559 2176 vorasti
598 2141 758 2186 quidem,
793 2152 865 2174 non
904 2147 1020 2175 tamem

424 2202 537 2236 hilari
550 2202 675 2249 fronte
697 2201 831 2237 texisti.
881 2201 1019 2236 »Devo-

423 2275 506 2299 rare
535 2263 633 2298 enim
660 2263 816 2309 gemitus
841 2262 905 2297 ille
932 2262 1020 2297 dici-

426 2330 506 2369 tur,
533 2324 583 2360 ait
612 2323 851 2371 Ruhkopfius,
882 2323 948 2370 qui
965 2324 1020 2359 lu·

424 2391 526 2422 ctum
561 2386 641 2421 vult
677 2386 837 2437 obruere
863 2385 1020 2423 lacrimis

423 2448 635 2495 suppressis:
673 2445 768 2483 conf.
801 2448 939 2485 Consol.
973 2450 1019 2485 ad

422 2510 522 2548 Hclv.
543 2509 633 2547 XVI.
657 2509 684 2558 §
703 2510 738 2546 7.
759 2510 919 2547 volumus
938 2525 1017 2549 eum

1053 736 1128 759 mas
1173 723 1360 771 profudit,
1406 730 1447 759 ut
1494 730 1648 761 mortem

1052 785 1164 833 patris
1195 785 1399 832 inhiberet,
1434 785 1556 833 palam
1582 798 1648 822 ve-

1053 859 1096 882 ro
1127 848 1196 882 sibi
1229 849 1442 894 temperavit
1477 859 1499 884 a
1528 848 1649 894 lacry-

1055 908 1160 944 mis.''

1105 971 1283 1008 Hactenus
1309 971 1432 1009 Ruhk.
1460 969 1524 1007 sed
1547 970 1649 1018 lega-

1051 1031 1137 1068 'mus
1172 1034 1315 1078 locum,
1355 1046 1400 1069 ex
1431 1033 1564 1069 consol.
1602 1032 1649 1068 ad

1057 1095 1217 1130 Helviam
1243 1100 1370 1131 totum.
1424 1094 1474 1131 Ea
1501 1107 1648 1143 nempe,

1056 1168 1149 1202 quae
1168 1156 1290 1191 Ruhk.
1317 1154 1457 1202 attulit,
1481 1157 1572 1192 haec
1592 1168 1650 1192 se-

1055 1222 1237 1265 quuntur:
1275 1230 1344 1265 per
1378 1219 1496 1266 ipsum
1533 1224 1650 1254 tamen

1056 1274 1283 1325 compositum
1292 1280 1489 1326 fictumque
1514 1280 1650 1315 vultum

1058 1340 1223 1375 lacrimae
1241 1340 1523 1388 profunduntur.
1576 1340 1650 1375 Ita-

1057 1414 1130 1448 que
1168 1401 1413 1448 colligendum
1429 1447 1431 1449 ,
1449 1403 1572 1438 fuisset
1605 1414 1650 1438 ex

1055 1463 1125 1498 hoc
1143 1463 1242 1508 loco,
1261 1475 1334 1499 non
1348 1468 1390 1499 ut
1404 1464 1527 1500 Ruhk.
1545 1463 1648 1500 fecit:

1055 1525 1222 1560 Marciam
1234 1525 1353 1572 palam
1365 1538 1386 1561 a
1395 1524 1551 1562 lacrimis
1562 1531 1649 1562 tem-

1055 1597 1214 1632 perasse,
1237 1586 1314 1620 sed:
1335 1598 1432 1632 eam,
1454 1588 1521 1622 etsi
1539 1587 1649 1633 gemi-

1059 1651 1116 1681 tus
1135 1646 1216 1681 illos
1232 1647 1445 1694 retinuerit,
1467 1653 1590 1685 tamen
1609 1648 1650 1685 in

1058 1708 1205 1754 publico
1239 1708 1404 1745 lacrimas
1431 1711 1650 1757 profudisse,

1059 1774 1095 1804 et
1110 1769 1180 1805 hoc
1195 1769 1312 1816 ipsum
1324 1771 1500 1808 volebam.
1526 1772 1577 1808 De
1593 1784 1650 1808 ce-

1057 1832 1143 1867 teris
1152 1831 1347 1879 Ruhkopfii
1357 1834 1492 1870 verbis:
1517 1835 1652 1871 »Domi

1057 1894 1179 1940 itaque
1215 1894 1378 1930 lacrimas
1415 1896 1576 1942 profudit
1607 1901 1651 1933 ut

1057 1960 1211 1991 mortem
1229 1957 1339 2003 patris
1357 1958 1560 1994 inhiberet'’
1576 1958 1650 1994 vel-

1057 2017 1131 2052 lem
1153 2022 1272 2053 tacere
1293 2030 1443 2065 possem.

1106 2078 1222 2115 Antea
1242 2086 1368 2116 conata
1387 2081 1506 2117 fuerat
1523 2081 1652 2118 Marcia

1058 2145 1195 2186 patrem
1225 2154 1246 2176 a
1273 2144 1398 2178 mortis
1419 2144 1570 2179 consilio
1590 2143 1650 2179 de-

1060 2201 1215 2248 hortari3
1237 2208 1358 2250 postea
1377 2210 1480 2252 pater
1499 2205 1556 2239 illi
1570 2217 1652 2252 ape·

1059 2264 1133 2299 ruit
1149 2264 1244 2301 hanc
1258 2279 1368 2302 unam
1385 2279 1459 2302 esse
1472 2268 1650 2304 servitutis

1058 2325 1182 2372 fugam
1202 2331 1238 2361 et
1258 2339 1294 2362 se
1315 2339 1336 2362 a
1352 2332 1468 2363 morte
1483 2328 1561 2375 jam
1576 2342 1650 2366 non

1058 2390 1217 2425 revocari
1252 2401 1351 2436 posse
1390 2388 1485 2438 (Cap.
1518 2392 1648 2440 XXII);

1059 2455 1145 2486 tunc
1173 2451 1248 2486 filia
1271 2450 1366 2486 victa
1388 2463 1514 2488 manus
1533 2454 1648 2489 dedit.

1057 2513 1161 2548 Nunc
1188 2517 1324 2558 autem,
1350 2518 1391 2549 ut
1411 2513 1531 2554 Rukh.
1552 2515 1649 2559 vult,
