<?xml version="1.0" encoding="UTF-8"?>
<!DOCTYPE html PUBLIC "-//W3C//DTD XHTML 1.0 Transitional//EN"
    "http://www.w3.org/TR/xhtml1/DTD/xhtml1-transitional.dtd">
<html xmlns="http://www.w3.org/1999/xhtml" xml:lang="en" lang="en">
 <head>
  <title>
</title>
<meta http-equiv="Content-Type" content="text/html;charset=utf-8" />
  <meta name='ocr-system' content='tesseract 3.04.00' />
  <meta name='ocr-capabilities' content='ocr_page ocr_carea ocr_par ocr_line ocrx_word'/>
</head>
<body>
  <div class='ocr_page' id='page_1' title='image "4737360_0057.png"; bbox 0 0 1848 3122; ppageno 0'>
   <div class='ocr_carea' id='block_1_1' title="bbox 801 310 852 353">
    <p class='ocr_par' dir='ltr' id='par_1_1' title="bbox 801 310 852 353">
     <span class='ocr_line' id='line_1_1' title="bbox 801 310 852 353; baseline 0 0"><span class='ocrx_word' id='word_1_1' title='bbox 801 310 852 353; x_wconf 75' lang='lat'><strong>41</strong></span> 
     </span>
    </p>
   </div>
   <div class='ocr_carea' id='block_1_2' title="bbox 220 442 1439 1106">
    <p class='ocr_par' dir='ltr' id='par_1_2' title="bbox 220 442 1439 1106">
     <span class='ocr_line' id='line_1_2' title="bbox 310 442 1436 502; baseline -0.002 -16"><span class='ocrx_word' id='word_1_2' title='bbox 310 442 359 486; x_wconf 90' lang='lat'><strong>11.</strong></span> <span class='ocrx_word' id='word_1_3' title='bbox 389 443 477 487; x_wconf 87' lang='lat' dir='ltr'><strong>Scio</strong></span> <span class='ocrx_word' id='word_1_4' title='bbox 491 473 504 497; x_wconf 92' lang='lat'><strong>,</strong></span> <span class='ocrx_word' id='word_1_5' title='bbox 531 456 555 485; x_wconf 87' lang='lat' dir='ltr'><strong>a</strong></span> <span class='ocrx_word' id='word_1_6' title='bbox 573 444 793 501; x_wconf 80' lang='lat' dir='ltr'><strong>praeceptis</strong></span> <span class='ocrx_word' id='word_1_7' title='bbox 818 445 992 502; x_wconf 85' lang='lat' dir='ltr'><strong>incipere</strong></span> <span class='ocrx_word' id='word_1_8' title='bbox 1016 456 1150 491; x_wconf 82' lang='lat' dir='ltr'><strong>omnes</strong></span> <span class='ocrx_word' id='word_1_9' title='bbox 1177 442 1250 500; x_wconf 87' lang='lat' dir='ltr'><strong>qui</strong></span> <span class='ocrx_word' id='word_1_10' title='bbox 1277 454 1436 485; x_wconf 90' lang='lat' dir='ltr'><strong>monere</strong></span> 
     </span>
     <span class='ocr_line' id='line_1_3' title="bbox 222 517 1438 576; baseline -0.001 -16"><span class='ocrx_word' id='word_1_11' title='bbox 222 518 396 576; x_wconf 81' lang='lat' dir='ltr'><strong>aliquem</strong></span> <span class='ocrx_word' id='word_1_12' title='bbox 418 519 556 561; x_wconf 86' lang='lat' dir='ltr'><strong>volunt</strong></span> <span class='ocrx_word' id='word_1_13' title='bbox 568 550 580 573; x_wconf 91' lang='lat'>,</span> <span class='ocrx_word' id='word_1_14' title='bbox 600 527 642 561; x_wconf 89' lang='lat' dir='ltr'><strong>et</strong></span> <span class='ocrx_word' id='word_1_15' title='bbox 663 520 707 561; x_wconf 89' lang='lat' dir='ltr'><strong>in</strong></span> <span class='ocrx_word' id='word_1_16' title='bbox 727 520 906 576; x_wconf 87' lang='lat' dir='ltr'><strong>exempla</strong></span> <span class='ocrx_word' id='word_1_17' title='bbox 930 519 1118 562; x_wconf 85' lang='lat' dir='ltr'><strong>desinere.</strong></span> <span class='ocrx_word' id='word_1_18' title='bbox 1160 518 1309 561; x_wconf 89' lang='lat' dir='ltr'><strong>Mutari</strong></span> <span class='ocrx_word' id='word_1_19' title='bbox 1330 517 1438 560; x_wconf 89' lang='lat' dir='ltr'><strong>hunc</strong></span> 
     </span>
     <span class='ocr_line' id='line_1_4' title="bbox 222 592 1438 660; baseline -0.001 -23"><span class='ocrx_word' id='word_1_20' title='bbox 222 595 380 637; x_wconf 90' lang='lat' dir='ltr'><strong>interim</strong></span> <span class='ocrx_word' id='word_1_21' title='bbox 406 609 556 638; x_wconf 90' lang='lat' dir='ltr'><strong>morem</strong></span> <span class='ocrx_word' id='word_1_22' title='bbox 582 594 757 653; x_wconf 85' lang='lat' dir='ltr'><strong>expedit.</strong></span> <span class='ocrx_word' id='word_1_23' title='bbox 817 595 943 638; x_wconf 80' lang='lat' dir='ltr'><strong>Aliter</strong></span> <span class='ocrx_word' id='word_1_24' title='bbox 968 595 1073 651; x_wconf 86' lang='lat' dir='ltr'><strong>enim</strong></span> <span class='ocrx_word' id='word_1_25' title='bbox 1095 610 1187 638; x_wconf 88' lang='lat' dir='ltr'><strong>cum</strong></span> <span class='ocrx_word' id='word_1_26' title='bbox 1214 592 1293 660; x_wconf 60' lang='lat' dir='ltr'><strong>alio</strong></span> <span class='ocrx_word' id='word_1_27' title='bbox 1317 607 1438 651; x_wconf 83' lang='lat' dir='ltr'><strong>agen-</strong></span> 
     </span>
     <span class='ocr_line' id='line_1_5' title="bbox 221 670 1438 728; baseline -0.001 -16"><span class='ocrx_word' id='word_1_28' title='bbox 221 670 322 713; x_wconf 92' lang='lat' dir='ltr'><strong>dum</strong></span> <span class='ocrx_word' id='word_1_29' title='bbox 358 679 430 714; x_wconf 87' lang='lat' dir='ltr'><strong>est.</strong></span> <span class='ocrx_word' id='word_1_30' title='bbox 489 672 690 725; x_wconf 85' lang='lat' dir='ltr'><strong>Quosdam</strong></span> <span class='ocrx_word' id='word_1_31' title='bbox 719 673 819 714; x_wconf 90' lang='lat' dir='ltr'><strong>ratio</strong></span> <span class='ocrx_word' id='word_1_32' title='bbox 849 671 985 714; x_wconf 90' lang='lat' dir='ltr'><strong>ducit:</strong></span> <span class='ocrx_word' id='word_1_33' title='bbox 1013 671 1253 728; x_wconf 85' lang='lat' dir='ltr'><strong>quibusdam</strong></span> <span class='ocrx_word' id='word_1_34' title='bbox 1277 672 1438 713; x_wconf 90' lang='lat' dir='ltr'><strong>nomina</strong></span> 
     </span>
     <span class='ocr_line' id='line_1_6' title="bbox 222 745 1436 806; baseline -0.002 -17"><span class='ocrx_word' id='word_1_35' title='bbox 222 745 326 789; x_wconf 77' lang='lat' dir='ltr'><strong>clara</strong></span> <span class='ocrx_word' id='word_1_36' title='bbox 363 746 598 803; x_wconf 87' lang='lat' dir='ltr'><strong>opponenda</strong></span> <span class='ocrx_word' id='word_1_37' title='bbox 635 755 729 790; x_wconf 91' lang='lat' dir='ltr'><strong>sunt</strong></span> <span class='ocrx_word' id='word_1_38' title='bbox 743 779 756 801; x_wconf 89' lang='lat'><strong>,</strong></span> <span class='ocrx_word' id='word_1_39' title='bbox 798 755 840 789; x_wconf 87' lang='lat' dir='ltr'><strong>et</strong></span> <span class='ocrx_word' id='word_1_40' title='bbox 874 747 1108 803; x_wconf 83' lang='lat' dir='ltr'><strong>auctoritas,</strong></span> <span class='ocrx_word' id='word_1_41' title='bbox 1136 760 1242 803; x_wconf 88' lang='lat' dir='ltr'><strong>quae</strong></span> <span class='ocrx_word' id='word_1_42' title='bbox 1258 746 1436 806; x_wconf 70' lang='lat' dir='ltr'><strong>liberum</strong></span> 
     </span>
     <span class='ocr_line' id='line_1_7' title="bbox 221 820 1437 883; baseline -0.001 -19"><span class='ocrx_word' id='word_1_43' title='bbox 221 837 301 865; x_wconf 90' lang='lat' dir='ltr'><strong>non</strong></span> <span class='ocrx_word' id='word_1_44' title='bbox 323 823 522 883; x_wconf 83' lang='lat' dir='ltr'><strong>relinquat</strong></span> <span class='ocrx_word' id='word_1_45' title='bbox 543 823 717 866; x_wconf 87' lang='lat' dir='ltr'><strong>animum</strong></span> <span class='ocrx_word' id='word_1_46' title='bbox 736 823 788 866; x_wconf 86' lang='lat' dir='ltr'><strong>ad</strong></span> <span class='ocrx_word' id='word_1_47' title='bbox 809 824 983 880; x_wconf 88' lang='lat' dir='ltr'><strong>speciosa</strong></span> <span class='ocrx_word' id='word_1_48' title='bbox 1007 829 1248 879; x_wconf 88' lang='lat' dir='ltr'><strong>stupentem.</strong></span> <span class='ocrx_word' id='word_1_49' title='bbox 1289 820 1330 863; x_wconf 91' lang='lat'><strong>2.</strong></span> <span class='ocrx_word' id='word_1_50' title='bbox 1345 822 1437 864; x_wconf 89' lang='lat' dir='ltr'><strong>Duo</strong></span> 
     </span>
     <span class='ocr_line' id='line_1_8' title="bbox 221 896 1436 955; baseline -0.001 -15"><span class='ocrx_word' id='word_1_51' title='bbox 221 897 295 940; x_wconf 90' lang='lat' dir='ltr'><strong>tibi</strong></span> <span class='ocrx_word' id='word_1_52' title='bbox 329 912 475 955; x_wconf 82' lang='lat' dir='ltr'><strong>ponam</strong></span> <span class='ocrx_word' id='word_1_53' title='bbox 511 905 602 942; x_wconf 86' lang='lat' dir='ltr'><strong>ante</strong></span> <span class='ocrx_word' id='word_1_54' title='bbox 637 899 771 942; x_wconf 85' lang='lat' dir='ltr'><strong>oeulos</strong></span> <span class='ocrx_word' id='word_1_55' title='bbox 804 899 995 951; x_wconf 81' lang='lat' dir='ltr'><strong>maxima,</strong></span> <span class='ocrx_word' id='word_1_56' title='bbox 1034 905 1076 940; x_wconf 85' lang='lat' dir='ltr'><strong>et</strong></span> <span class='ocrx_word' id='word_1_57' title='bbox 1101 910 1218 939; x_wconf 84' lang='lat' dir='ltr'><strong>sexus</strong></span> <span class='ocrx_word' id='word_1_58' title='bbox 1241 904 1283 938; x_wconf 90' lang='lat' dir='ltr'><strong>et</strong></span> <span class='ocrx_word' id='word_1_59' title='bbox 1312 896 1436 939; x_wconf 80' lang='lat' dir='ltr'><strong>seculi</strong></span> 
     </span>
     <span class='ocr_line' id='line_1_9' title="bbox 221 970 1439 1036; baseline -0.002 -22"><span class='ocrx_word' id='word_1_60' title='bbox 221 973 306 1027; x_wconf 87' lang='lat' dir='ltr'><strong>tui,</strong></span> <span class='ocrx_word' id='word_1_61' title='bbox 334 973 539 1036; x_wconf 77' lang='lat' dir='ltr'><strong>exempla:</strong></span> <span class='ocrx_word' id='word_1_62' title='bbox 567 974 728 1016; x_wconf 88' lang='lat' dir='ltr'><strong>alterius</strong></span> <span class='ocrx_word' id='word_1_63' title='bbox 742 1005 756 1027; x_wconf 87' lang='lat'>,</span> <span class='ocrx_word' id='word_1_64' title='bbox 784 973 977 1026; x_wconf 83' lang='lat' dir='ltr'><strong>feminae,</strong></span> <span class='ocrx_word' id='word_1_65' title='bbox 1000 986 1104 1029; x_wconf 87' lang='lat' dir='ltr'><strong>quae</strong></span> <span class='ocrx_word' id='word_1_66' title='bbox 1129 985 1173 1014; x_wconf 88' lang='lat' dir='ltr'><strong>se</strong></span> <span class='ocrx_word' id='word_1_67' title='bbox 1194 970 1360 1013; x_wconf 85' lang='lat' dir='ltr'><strong>tradidit</strong></span> <span class='ocrx_word' id='word_1_68' title='bbox 1380 971 1439 1013; x_wconf 88' lang='lat' dir='ltr'><strong>fe-</strong></span> 
     </span>
     <span class='ocr_line' id='line_1_10' title="bbox 220 1047 1436 1106; baseline -0.001 -16"><span class='ocrx_word' id='word_1_69' title='bbox 220 1047 383 1091; x_wconf 79' lang='lat' dir='ltr'><strong>rendam</strong></span> <span class='ocrx_word' id='word_1_70' title='bbox 411 1049 565 1092; x_wconf 86' lang='lat' dir='ltr'><strong>dolori:</strong></span> <span class='ocrx_word' id='word_1_71' title='bbox 593 1049 754 1093; x_wconf 87' lang='lat' dir='ltr'><strong>alterius</strong></span> <span class='ocrx_word' id='word_1_72' title='bbox 767 1081 780 1103; x_wconf 91' lang='lat'>,</span> <span class='ocrx_word' id='word_1_73' title='bbox 808 1062 912 1106; x_wconf 88' lang='lat' dir='ltr'><strong>quae</strong></span> <span class='ocrx_word' id='word_1_74' title='bbox 935 1049 1021 1105; x_wconf 87' lang='lat' dir='ltr'><strong>pari</strong></span> <span class='ocrx_word' id='word_1_75' title='bbox 1048 1047 1186 1090; x_wconf 86' lang='lat' dir='ltr'><strong>affecta</strong></span> <span class='ocrx_word' id='word_1_76' title='bbox 1205 1061 1323 1102; x_wconf 88' lang='lat' dir='ltr'><strong>casu,</strong></span> <span class='ocrx_word' id='word_1_77' title='bbox 1351 1060 1436 1089; x_wconf 85' lang='lat' dir='ltr'><strong>ma-</strong></span> 
     </span>
    </p>
   </div>
   <div class='ocr_carea' id='block_1_3' title="bbox 201 1153 1438 2492">
    <p class='ocr_par' dir='ltr' id='par_1_3' title="bbox 212 1153 1438 1571">
     <span class='ocr_line' id='line_1_11' title="bbox 219 1153 1437 1202; baseline -0.002 -12"><span class='ocrx_word' id='word_1_78' title='bbox 219 1153 455 1201; x_wconf 83' lang='lat' dir='ltr'><strong>Ruhkopfius‚</strong></span> <span class='ocrx_word' id='word_1_79' title='bbox 466 1155 531 1202; x_wconf 81' lang='lat' dir='ltr'><strong>qui</strong></span> <span class='ocrx_word' id='word_1_80' title='bbox 541 1155 723 1202; x_wconf 75' lang='lat' dir='ltr'><strong>vulgatam</strong></span> <span class='ocrx_word' id='word_1_81' title='bbox 730 1159 807 1190; x_wconf 84' lang='lat' dir='ltr'><strong>tue·</strong></span> <span class='ocrx_word' id='word_1_82' title='bbox 844 1154 1057 1201; x_wconf 78' lang='lat' dir='ltr'><strong>obsequium</strong></span> <span class='ocrx_word' id='word_1_83' title='bbox 1073 1158 1110 1190; x_wconf 89' lang='lat' dir='ltr'><strong>et</strong></span> <span class='ocrx_word' id='word_1_84' title='bbox 1126 1153 1285 1190; x_wconf 86' lang='lat' dir='ltr'><strong>molliter</strong></span> <span class='ocrx_word' id='word_1_85' title='bbox 1300 1164 1437 1189; x_wconf 81' lang='lat' dir='ltr'><strong>assecu-</strong></span> 
     </span>
     <span class='ocr_line' id='line_1_12' title="bbox 217 1215 1436 1264; baseline -0.002 -11"><span class='ocrx_word' id='word_1_86' title='bbox 217 1220 279 1253; x_wconf 78' lang='lat' dir='ltr'><strong>tur</strong></span> <span class='ocrx_word' id='word_1_87' title='bbox 293 1215 499 1252; x_wconf 85' lang='lat' dir='ltr'><strong>lectionem.</strong></span> <span class='ocrx_word' id='word_1_88' title='bbox 532 1215 578 1251; x_wconf 88' lang='lat' dir='ltr'><strong>At</strong></span> <span class='ocrx_word' id='word_1_89' title='bbox 590 1228 674 1252; x_wconf 82' lang='lat' dir='ltr'><strong>sane</strong></span> <span class='ocrx_word' id='word_1_90' title='bbox 683 1215 730 1261; x_wconf 86' lang='lat' dir='ltr'><strong>si,</strong></span> <span class='ocrx_word' id='word_1_91' title='bbox 740 1228 808 1263; x_wconf 90' lang='lat' dir='ltr'><strong>pro</strong></span> <span class='ocrx_word' id='word_1_92' title='bbox 843 1220 901 1251; x_wconf 81' lang='lat' dir='ltr'><strong>tus</strong></span> <span class='ocrx_word' id='word_1_93' title='bbox 917 1220 985 1261; x_wconf 86' lang='lat' dir='ltr'><strong>est,</strong></span> <span class='ocrx_word' id='word_1_94' title='bbox 1000 1220 1090 1264; x_wconf 91' lang='lat' dir='ltr'><strong>potu</strong></span> <span class='ocrx_word' id='word_1_95' title='bbox 1105 1227 1236 1262; x_wconf 85' lang='lat' dir='ltr'><strong>nempe</strong></span> <span class='ocrx_word' id='word_1_96' title='bbox 1247 1215 1436 1251; x_wconf 75' lang='lat' dir='ltr'><strong>dictamni.</strong></span> 
     </span>
     <span class='ocr_line' id='line_1_13' title="bbox 217 1274 1438 1324; baseline 0 -12"><span class='ocrx_word' id='word_1_97' title='bbox 217 1278 359 1324; x_wconf 69' lang='lat' dir='ltr'><strong>assequi</strong></span> <span class='ocrx_word' id='word_1_98' title='bbox 364 1303 375 1322; x_wconf 91' lang='lat'><em>,</em></span> <span class='ocrx_word' id='word_1_99' title='bbox 387 1277 531 1324; x_wconf 73' lang='lat' dir='ltr'><strong>aqqredi</strong></span> <span class='ocrx_word' id='word_1_100' title='bbox 540 1277 739 1323; x_wconf 81' lang='lat' dir='ltr'><strong>legeretur:</strong></span> <span class='ocrx_word' id='word_1_101' title='bbox 750 1277 810 1312; x_wconf 83' lang='lat' dir='ltr'><strong>lo-</strong></span> <span class='ocrx_word' id='word_1_102' title='bbox 827 1303 829 1309; x_wconf 36' lang='lat' dir='ltr'><strong>f</strong></span> <span class='ocrx_word' id='word_1_103' title='bbox 844 1274 1010 1312; x_wconf 85' lang='lat' dir='ltr'><strong>Dolorem</strong></span> <span class='ocrx_word' id='word_1_104' title='bbox 1020 1278 1161 1323; x_wconf 69' lang='lat' dir='ltr'><strong>assequi</strong></span> <span class='ocrx_word' id='word_1_105' title='bbox 1175 1281 1228 1311; x_wconf 79' lang='lat' dir='ltr'><strong>est</strong></span> <span class='ocrx_word' id='word_1_106' title='bbox 1237 1277 1329 1311; x_wconf 75' lang='lat' dir='ltr'><strong><em>illud</em></strong></span> <span class='ocrx_word' id='word_1_107' title='bbox 1338 1275 1438 1323; x_wconf 86' lang='lat' dir='ltr'><strong>quod</strong></span> 
     </span>
     <span class='ocr_line' id='line_1_14' title="bbox 215 1336 1438 1385; baseline 0.001 -13"><span class='ocrx_word' id='word_1_108' title='bbox 215 1346 280 1372; x_wconf 83' lang='lat' dir='ltr'><strong>eus</strong></span> <span class='ocrx_word' id='word_1_109' title='bbox 289 1336 585 1373; x_wconf 69' lang='lat' dir='ltr'><strong>hanebene‘eum</strong></span> <span class='ocrx_word' id='word_1_110' title='bbox 595 1337 807 1373; x_wconf 82' lang='lat' dir='ltr'><strong>anteceden-</strong></span> <span class='ocrx_word' id='word_1_111' title='bbox 845 1337 994 1373; x_wconf 80' lang='lat' dir='ltr'><strong>dolorem</strong></span> <span class='ocrx_word' id='word_1_112' title='bbox 1020 1337 1141 1374; x_wconf 84' lang='lat' dir='ltr'><strong>efficit.</strong></span> <span class='ocrx_word' id='word_1_113' title='bbox 1190 1337 1364 1385; x_wconf 76' lang='lat' dir='ltr'><strong>anqere</strong></span> <span class='ocrx_word' id='word_1_114' title='bbox 1385 1341 1438 1373; x_wconf 79' lang='lat' dir='ltr'><strong>est</strong></span> 
     </span>
     <span class='ocr_line' id='line_1_15' title="bbox 218 1389 1434 1446; baseline -0.001 -12"><span class='ocrx_word' id='word_1_115' title='bbox 218 1399 311 1434; x_wconf 85' lang='lat' dir='ltr'><strong>tibus</strong></span> <span class='ocrx_word' id='word_1_116' title='bbox 342 1399 591 1435; x_wconf 81' lang='lat' dir='ltr'><strong>cohaerentem</strong></span> <span class='ocrx_word' id='word_1_117' title='bbox 619 1399 807 1435; x_wconf 84' lang='lat' dir='ltr'><strong>exhiberet</strong></span> <span class='ocrx_word' id='word_1_118' title='bbox 843 1399 1077 1446; x_wconf 78' lang='lat' dir='ltr'><strong>perremedia</strong></span> <span class='ocrx_word' id='word_1_119' title='bbox 1087 1389 1371 1443; x_wconf 83' lang='lat' dir='ltr'><strong>vehementiora,</strong></span> <span class='ocrx_word' id='word_1_120' title='bbox 1381 1403 1434 1442; x_wconf 88' lang='lat' dir='ltr'><strong>ut,</strong></span> 
     </span>
     <span class='ocr_line' id='line_1_16' title="bbox 216 1458 1433 1508; baseline 0.001 -14"><span class='ocrx_word' id='word_1_121' title='bbox 216 1460 445 1496; x_wconf 78' lang='lat' dir='ltr'><strong>sententiam:</strong></span> <span class='ocrx_word' id='word_1_122' title='bbox 462 1459 536 1495; x_wconf 88' lang='lat' dir='ltr'><strong>non</strong></span> <span class='ocrx_word' id='word_1_123' title='bbox 549 1471 691 1507; x_wconf 79' lang='lat' dir='ltr'><strong>possum</strong></span> <span class='ocrx_word' id='word_1_124' title='bbox 705 1470 804 1495; x_wconf 88' lang='lat' dir='ltr'><strong>nuno</strong></span> <span class='ocrx_word' id='word_1_125' title='bbox 841 1460 872 1496; x_wconf 81' lang='lat' dir='ltr'><strong>si</strong></span> <span class='ocrx_word' id='word_1_126' title='bbox 887 1460 970 1508; x_wconf 86' lang='lat' dir='ltr'><strong>quis</strong></span> <span class='ocrx_word' id='word_1_127' title='bbox 986 1459 1101 1496; x_wconf 85' lang='lat' dir='ltr'><strong>telum</strong></span> <span class='ocrx_word' id='word_1_128' title='bbox 1118 1460 1158 1496; x_wconf 93' lang='lat' dir='ltr'><strong>in</strong></span> <span class='ocrx_word' id='word_1_129' title='bbox 1173 1471 1323 1507; x_wconf 86' lang='lat' dir='ltr'><strong>corpore</strong></span> <span class='ocrx_word' id='word_1_130' title='bbox 1337 1458 1433 1495; x_wconf 70' lang='lat' dir='ltr'><strong>fian·</strong></span> 
     </span>
     <span class='ocr_line' id='line_1_17' title="bbox 212 1520 1199 1571; baseline 0.003 -15"><span class='ocrx_word' id='word_1_131' title='bbox 212 1520 344 1557; x_wconf 89' lang='lat' dir='ltr'><strong>leniter</strong></span> <span class='ocrx_word' id='word_1_132' title='bbox 362 1526 515 1558; x_wconf 81' lang='lat' dir='ltr'><strong>tractare</strong></span> <span class='ocrx_word' id='word_1_133' title='bbox 530 1521 631 1558; x_wconf 89' lang='lat' dir='ltr'><strong>hune</strong></span> <span class='ocrx_word' id='word_1_134' title='bbox 649 1522 803 1569; x_wconf 83' lang='lat' dir='ltr'><strong>pertina-</strong></span> <span class='ocrx_word' id='word_1_135' title='bbox 841 1527 917 1571; x_wconf 78' lang='lat' dir='ltr'><strong>gat,</strong></span> <span class='ocrx_word' id='word_1_136' title='bbox 934 1526 971 1559; x_wconf 87' lang='lat' dir='ltr'><strong>et</strong></span> <span class='ocrx_word' id='word_1_137' title='bbox 986 1522 1037 1559; x_wconf 86' lang='lat' dir='ltr'><strong>sie</strong></span> <span class='ocrx_word' id='word_1_138' title='bbox 1055 1521 1199 1559; x_wconf 81' lang='lat' dir='ltr'><strong>evellat.</strong></span> 
     </span>
    </p>

    <p class='ocr_par' dir='ltr' id='par_1_4' title="bbox 201 1582 1436 2492">
     <span class='ocr_line' id='line_1_18' title="bbox 214 1582 1436 1629; baseline 0.002 -13"><span class='ocrx_word' id='word_1_139' title='bbox 214 1593 294 1617; x_wconf 84' lang='lat' dir='ltr'><strong>cem</strong></span> <span class='ocrx_word' id='word_1_140' title='bbox 333 1583 501 1617; x_wconf 84' lang='lat' dir='ltr'><strong>morbum</strong></span> <span class='ocrx_word' id='word_1_141' title='bbox 535 1593 604 1617; x_wconf 85' lang='lat' dir='ltr'><strong>nee</strong></span> <span class='ocrx_word' id='word_1_142' title='bbox 643 1582 805 1618; x_wconf 87' lang='lat' dir='ltr'><strong>dolorem</strong></span> <span class='ocrx_word' id='word_1_143' title='bbox 890 1584 1041 1619; x_wconf 75' lang='lat' dir='ltr'><strong>Interim</strong></span> <span class='ocrx_word' id='word_1_144' title='bbox 1062 1595 1128 1629; x_wconf 87' lang='lat' dir='ltr'><strong>pro</strong></span> <span class='ocrx_word' id='word_1_145' title='bbox 1142 1582 1319 1618; x_wconf 58' lang='lat' dir='ltr'><strong>interdum</strong></span> <span class='ocrx_word' id='word_1_146' title='bbox 1332 1594 1436 1619; x_wconf 64' lang='lat' dir='ltr'><strong>more&gt;</strong></span> 
     </span>
     <span class='ocr_line' id='line_1_19' title="bbox 201 1636 1434 1691; baseline 0.002 -13"><span class='ocrx_word' id='word_1_147' title='bbox 201 1636 400 1679; x_wconf 78' lang='lat' dir='ltr'><strong>&#39;blanditiis</strong></span> <span class='ocrx_word' id='word_1_148' title='bbox 407 1643 534 1679; x_wconf 82' lang='lat' dir='ltr'><strong>fallere</strong></span> <span class='ocrx_word' id='word_1_149' title='bbox 539 1658 550 1689; x_wconf 89' lang='lat'>;</span> <span class='ocrx_word' id='word_1_150' title='bbox 562 1643 616 1679; x_wconf 79' lang='lat' dir='ltr'><strong>vis</strong></span> <span class='ocrx_word' id='word_1_151' title='bbox 625 1643 703 1691; x_wconf 87' lang='lat' dir='ltr'><strong>ejus</strong></span> <span class='ocrx_word' id='word_1_152' title='bbox 711 1642 804 1679; x_wconf 86' lang='lat' dir='ltr'><strong>fran-</strong></span> <span class='ocrx_word' id='word_1_153' title='bbox 843 1644 1052 1681; x_wconf 85' lang='lat' dir='ltr'><strong>recentioris</strong></span> <span class='ocrx_word' id='word_1_154' title='bbox 1073 1644 1152 1679; x_wconf 83' lang='lat' dir='ltr'><strong>aevi</strong></span> <span class='ocrx_word' id='word_1_155' title='bbox 1174 1648 1363 1680; x_wconf 68' lang='lat' dir='ltr'><strong>auctorum</strong></span> <span class='ocrx_word' id='word_1_156' title='bbox 1383 1643 1434 1681; x_wconf 86' lang='lat' dir='ltr'><strong>la·</strong></span> 
     </span>
     <span class='ocr_line' id='line_1_20' title="bbox 214 1692 1431 1753; baseline 0.002 -13"><span class='ocrx_word' id='word_1_157' title='bbox 214 1704 333 1752; x_wconf 80' lang='lat' dir='ltr'><strong>genda</strong></span> <span class='ocrx_word' id='word_1_158' title='bbox 343 1710 406 1741; x_wconf 86' lang='lat' dir='ltr'><strong>est.</strong></span> <span class='ocrx_word' id='word_1_159' title='bbox 439 1706 482 1741; x_wconf 93' lang='lat' dir='ltr'><strong>In</strong></span> <span class='ocrx_word' id='word_1_160' title='bbox 490 1705 697 1751; x_wconf 85' lang='lat' dir='ltr'><strong>hujusmodi</strong></span> <span class='ocrx_word' id='word_1_161' title='bbox 706 1707 805 1741; x_wconf 91' lang='lat' dir='ltr'><strong>enim</strong></span> <span class='ocrx_word' id='word_1_162' title='bbox 842 1692 1014 1743; x_wconf 75' lang='lat' dir='ltr'><strong>tinorum.</strong></span> <span class='ocrx_word' id='word_1_163' title='bbox 1045 1706 1146 1742; x_wconf 80' lang='lat' dir='ltr'><strong>Conf.</strong></span> <span class='ocrx_word' id='word_1_164' title='bbox 1163 1705 1256 1743; x_wconf 86' lang='lat' dir='ltr'><strong>Plin.</strong></span> <span class='ocrx_word' id='word_1_165' title='bbox 1273 1705 1351 1742; x_wconf 85' lang='lat' dir='ltr'><strong>See.</strong></span> <span class='ocrx_word' id='word_1_166' title='bbox 1368 1706 1431 1753; x_wconf 88' lang='lat' dir='ltr'><strong>Ep.</strong></span> 
     </span>
     <span class='ocr_line' id='line_1_21' title="bbox 211 1765 1433 1815; baseline 0.002 -13"><span class='ocrx_word' id='word_1_167' title='bbox 211 1778 375 1802; x_wconf 78' lang='lat' dir='ltr'><strong>sermone</strong></span> <span class='ocrx_word' id='word_1_168' title='bbox 396 1765 546 1802; x_wconf 85' lang='lat' dir='ltr'><strong>subdolo</strong></span> <span class='ocrx_word' id='word_1_169' title='bbox 567 1766 714 1815; x_wconf 81' lang='lat' dir='ltr'><strong>aggredi</strong></span> <span class='ocrx_word' id='word_1_170' title='bbox 734 1767 803 1802; x_wconf 87' lang='lat' dir='ltr'><strong>usi·</strong></span> <span class='ocrx_word' id='word_1_171' title='bbox 841 1765 906 1804; x_wconf 88' lang='lat' dir='ltr'><strong>Ed.</strong></span> <span class='ocrx_word' id='word_1_172' title='bbox 923 1767 1086 1815; x_wconf 81' lang='lat' dir='ltr'><strong>Longolii</strong></span> <span class='ocrx_word' id='word_1_173' title='bbox 1094 1779 1176 1815; x_wconf 72' lang='lat' dir='ltr'><strong>pag.</strong></span> <span class='ocrx_word' id='word_1_174' title='bbox 1189 1766 1273 1805; x_wconf 84' lang='lat'><strong>739.</strong></span> <span class='ocrx_word' id='word_1_175' title='bbox 1297 1767 1433 1804; x_wconf 71' lang='lat' dir='ltr'><strong>Rursus</strong></span> 
     </span>
     <span class='ocr_line' id='line_1_22' title="bbox 213 1827 1431 1875; baseline 0.001 -13"><span class='ocrx_word' id='word_1_176' title='bbox 213 1832 326 1862; x_wconf 83' lang='lat' dir='ltr'><strong>tatum</strong></span> <span class='ocrx_word' id='word_1_177' title='bbox 345 1832 412 1872; x_wconf 88' lang='lat' dir='ltr'><strong>est,</strong></span> <span class='ocrx_word' id='word_1_178' title='bbox 428 1832 470 1863; x_wconf 91' lang='lat' dir='ltr'><strong>ut</strong></span> <span class='ocrx_word' id='word_1_179' title='bbox 480 1828 621 1863; x_wconf 89' lang='lat' dir='ltr'><strong>monuit</strong></span> <span class='ocrx_word' id='word_1_180' title='bbox 631 1827 802 1864; x_wconf 86' lang='lat' dir='ltr'><strong>Burman·</strong></span> <span class='ocrx_word' id='word_1_181' title='bbox 840 1830 1015 1864; x_wconf 81' lang='lat' dir='ltr'><strong>interdum</strong></span> <span class='ocrx_word' id='word_1_182' title='bbox 1048 1841 1115 1875; x_wconf 90' lang='lat' dir='ltr'><strong>pro</strong></span> <span class='ocrx_word' id='word_1_183' title='bbox 1149 1829 1292 1864; x_wconf 76' lang='lat' dir='ltr'><strong>interim</strong></span> <span class='ocrx_word' id='word_1_184' title='bbox 1319 1829 1431 1864; x_wconf 86' lang='lat' dir='ltr'><strong>habet</strong></span> 
     </span>
     <span class='ocr_line' id='line_1_23' title="bbox 212 1887 1429 1937; baseline 0.003 -15"><span class='ocrx_word' id='word_1_185' title='bbox 212 1899 281 1923; x_wconf 88' lang='lat' dir='ltr'><strong>nus</strong></span> <span class='ocrx_word' id='word_1_186' title='bbox 308 1887 356 1924; x_wconf 91' lang='lat' dir='ltr'><strong>ad</strong></span> <span class='ocrx_word' id='word_1_187' title='bbox 381 1887 513 1924; x_wconf 89' lang='lat' dir='ltr'><strong>Phaed.</strong></span> <span class='ocrx_word' id='word_1_188' title='bbox 535 1888 614 1925; x_wconf 89' lang='lat' dir='ltr'><strong>Lib.</strong></span> <span class='ocrx_word' id='word_1_189' title='bbox 636 1888 706 1926; x_wconf 88' lang='grc' dir='ltr'><strong>ΠΙ.</strong></span> <span class='ocrx_word' id='word_1_190' title='bbox 727 1889 800 1926; x_wconf 82' lang='lat' dir='ltr'><strong>fab.</strong></span> <span class='ocrx_word' id='word_1_191' title='bbox 838 1893 958 1925; x_wconf 79' lang='lat' dir='ltr'><strong>noster</strong></span> <span class='ocrx_word' id='word_1_192' title='bbox 985 1889 1049 1936; x_wconf 89' lang='lat' dir='ltr'><strong>Ep.</strong></span> <span class='ocrx_word' id='word_1_193' title='bbox 1081 1888 1181 1925; x_wconf 86' lang='lat' dir='ltr'>XCV.</span> <span class='ocrx_word' id='word_1_194' title='bbox 1214 1888 1241 1937; x_wconf 83' lang='lat'>§</span> <span class='ocrx_word' id='word_1_195' title='bbox 1265 1889 1324 1925; x_wconf 86' lang='lat'><strong>50.</strong></span> <span class='ocrx_word' id='word_1_196' title='bbox 1347 1902 1429 1926; x_wconf 89' lang='lat' dir='ltr'><strong>mo-</strong></span> 
     </span>
     <span class='ocr_line' id='line_1_24' title="bbox 212 1949 1430 2000; baseline 0.002 -15"><span class='ocrx_word' id='word_1_197' title='bbox 212 1949 290 1985; x_wconf 87' lang='lat' dir='ltr'><strong>XVI</strong></span> <span class='ocrx_word' id='word_1_198' title='bbox 311 1962 348 1986; x_wconf 83' lang='lat' dir='ltr'><strong>v.</strong></span> <span class='ocrx_word' id='word_1_199' title='bbox 373 1950 431 1986; x_wconf 93' lang='lat'><strong>10.</strong></span> <span class='ocrx_word' id='word_1_200' title='bbox 469 1952 548 1986; x_wconf 83' lang='lat' dir='ltr'><strong>Hae</strong></span> <span class='ocrx_word' id='word_1_201' title='bbox 566 1958 620 1986; x_wconf 72' lang='lat' dir='ltr'><strong>est</strong></span> <span class='ocrx_word' id='word_1_202' title='bbox 638 1963 802 2000; x_wconf 76' lang='lat' dir='ltr'><strong>aggressa</strong></span> <span class='ocrx_word' id='word_1_203' title='bbox 838 1955 960 1987; x_wconf 83' lang='lat' dir='ltr'><strong>mente</strong></span> <span class='ocrx_word' id='word_1_204' title='bbox 980 1951 1166 1987; x_wconf 76' lang='lat' dir='ltr'><strong>Gatakero.</strong></span> <span class='ocrx_word' id='word_1_205' title='bbox 1202 1950 1430 1988; x_wconf 79' lang='lat' dir='ltr'><strong>cons.Nauta</strong></span> 
     </span>
     <span class='ocr_line' id='line_1_25' title="bbox 208 2010 1427 2060; baseline 0.002 -14"><span class='ocrx_word' id='word_1_206' title='bbox 208 2012 390 2060; x_wconf 76' lang='lat' dir='ltr'><strong>garrulam</strong></span> <span class='ocrx_word' id='word_1_207' title='bbox 396 2011 567 2060; x_wconf 76' lang='lat' dir='ltr'><strong>fallacia.</strong></span> <span class='ocrx_word' id='word_1_208' title='bbox 593 2010 662 2046; x_wconf 90' lang='lat' dir='ltr'><strong>Sed</strong></span> <span class='ocrx_word' id='word_1_209' title='bbox 672 2011 803 2047; x_wconf 86' lang='lat' dir='ltr'><strong>melius</strong></span> <span class='ocrx_word' id='word_1_210' title='bbox 837 2011 924 2048; x_wconf 87' lang='lat' dir='ltr'><strong>Diss.</strong></span> <span class='ocrx_word' id='word_1_211' title='bbox 940 2011 988 2047; x_wconf 90' lang='lat' dir='ltr'><strong>de</strong></span> <span class='ocrx_word' id='word_1_212' title='bbox 1003 2011 1145 2048; x_wconf 83' lang='lat' dir='ltr'><strong>Provid.</strong></span> <span class='ocrx_word' id='word_1_213' title='bbox 1157 2023 1239 2059; x_wconf 83' lang='lat' dir='ltr'><strong>pars</strong></span> <span class='ocrx_word' id='word_1_214' title='bbox 1247 2012 1285 2048; x_wconf 85' lang='lat'><strong>2.</strong></span> <span class='ocrx_word' id='word_1_215' title='bbox 1296 2024 1379 2060; x_wconf 77' lang='lat' dir='ltr'><strong>pag.</strong></span> <span class='ocrx_word' id='word_1_216' title='bbox 1392 2013 1427 2049; x_wconf 83' lang='lat'><strong>4.</strong></span> 
     </span>
     <span class='ocr_line' id='line_1_26' title="bbox 210 2072 1430 2123; baseline 0.001 -14"><span class='ocrx_word' id='word_1_217' title='bbox 210 2072 355 2110; x_wconf 75' lang='lat' dir='ltr'><strong>fortasse</strong></span> <span class='ocrx_word' id='word_1_218' title='bbox 383 2073 556 2109; x_wconf 85' lang='lat' dir='ltr'><strong>retinetur</strong></span> <span class='ocrx_word' id='word_1_219' title='bbox 584 2072 801 2109; x_wconf 84' lang='lat' dir='ltr'><strong>vocabulum</strong></span> <span class='ocrx_word' id='word_1_220' title='bbox 912 2073 1064 2123; x_wconf 75' lang='lat' dir='ltr'><strong>Affeeta.</strong></span> <span class='ocrx_word' id='word_1_221' title='bbox 1113 2074 1353 2110; x_wconf 79' lang='lat' dir='ltr'><strong>Ruhnkenius</strong></span> <span class='ocrx_word' id='word_1_222' title='bbox 1383 2075 1430 2111; x_wconf 80' lang='lat' dir='ltr'><strong>ad</strong></span> 
     </span>
     <span class='ocr_line' id='line_1_27' title="bbox 212 2127 1431 2183; baseline 0 -12"><span class='ocrx_word' id='word_1_223' title='bbox 212 2136 420 2183; x_wconf 75' lang='lat' dir='ltr'><strong>aesequi,ut</strong></span> <span class='ocrx_word' id='word_1_224' title='bbox 429 2134 800 2182; x_wconf 85' lang='lat' dir='ltr'><strong>loeussieexplieetur.</strong></span> <span class='ocrx_word' id='word_1_225' title='bbox 838 2133 931 2172; x_wconf 80' lang='lat' dir='ltr'><strong>vell.</strong></span> <span class='ocrx_word' id='word_1_226' title='bbox 952 2127 1028 2172; x_wconf 74' lang='lat' dir='ltr'><strong>Pat.</strong></span> <span class='ocrx_word' id='word_1_227' title='bbox 1052 2147 1134 2183; x_wconf 73' lang='lat' dir='ltr'><strong>pag.</strong></span> <span class='ocrx_word' id='word_1_228' title='bbox 1156 2135 1225 2172; x_wconf 88' lang='grc'><strong>174</strong></span> <span class='ocrx_word' id='word_1_229' title='bbox 1245 2136 1431 2172; x_wconf 86' lang='lat' dir='ltr'><strong>emendari</strong></span> 
     </span>
     <span class='ocr_line' id='line_1_28' title="bbox 212 2196 1429 2247; baseline 0.002 -14"><span class='ocrx_word' id='word_1_230' title='bbox 212 2197 258 2233; x_wconf 92' lang='lat' dir='ltr'><strong>ln</strong></span> <span class='ocrx_word' id='word_1_231' title='bbox 267 2198 407 2246; x_wconf 72' lang='lat' dir='ltr'><strong>assequi</strong></span> <span class='ocrx_word' id='word_1_232' title='bbox 420 2202 472 2234; x_wconf 85' lang='lat' dir='ltr'><strong>est</strong></span> <span class='ocrx_word' id='word_1_233' title='bbox 487 2197 707 2245; x_wconf 83' lang='lat' dir='ltr'><strong>metaphora.</strong></span> <span class='ocrx_word' id='word_1_234' title='bbox 720 2210 754 2235; x_wconf 86' lang='lat' dir='ltr'><strong>v.</strong></span> <span class='ocrx_word' id='word_1_235' title='bbox 766 2209 799 2235; x_wconf 88' lang='lat' dir='ltr'><strong>e.</strong></span> <span class='ocrx_word' id='word_1_236' title='bbox 838 2196 931 2234; x_wconf 82' lang='lat' dir='ltr'><strong>vult.</strong></span> <span class='ocrx_word' id='word_1_237' title='bbox 948 2198 1094 2247; x_wconf 79' lang='lat' dir='ltr'><strong>afflicta.</strong></span> <span class='ocrx_word' id='word_1_238' title='bbox 1122 2198 1330 2246; x_wconf 82' lang='lat' dir='ltr'><strong>Saepissime</strong></span> <span class='ocrx_word' id='word_1_239' title='bbox 1339 2198 1429 2235; x_wconf 89' lang='lat' dir='ltr'><strong>haec</strong></span> 
     </span>
     <span class='ocr_line' id='line_1_29' title="bbox 211 2258 1427 2307; baseline 0.002 -13"><span class='ocrx_word' id='word_1_240' title='bbox 211 2259 350 2296; x_wconf 83' lang='lat' dir='ltr'><strong>Aeneas</strong></span> <span class='ocrx_word' id='word_1_241' title='bbox 369 2259 465 2307; x_wconf 84' lang='lat' dir='ltr'><strong>apud</strong></span> <span class='ocrx_word' id='word_1_242' title='bbox 480 2258 606 2305; x_wconf 79' lang='lat' dir='ltr'><strong>virgil.</strong></span> <span class='ocrx_word' id='word_1_243' title='bbox 622 2259 710 2304; x_wconf 87' lang='lat' dir='ltr'>XII,</span> <span class='ocrx_word' id='word_1_244' title='bbox 729 2259 802 2295; x_wconf 85' lang='lat'><strong>320</strong></span> <span class='ocrx_word' id='word_1_245' title='bbox 839 2260 950 2296; x_wconf 84' lang='lat' dir='ltr'><strong>verba</strong></span> <span class='ocrx_word' id='word_1_246' title='bbox 979 2260 1265 2296; x_wconf 83' lang='lat' dir='ltr'><strong>confunduntur.</strong></span> <span class='ocrx_word' id='word_1_247' title='bbox 1326 2261 1427 2298; x_wconf 83' lang='lat' dir='ltr'><strong>Conf.</strong></span> 
     </span>
     <span class='ocr_line' id='line_1_30' title="bbox 211 2319 1426 2369; baseline 0.001 -13"><span class='ocrx_word' id='word_1_248' title='bbox 211 2330 289 2367; x_wconf 76' lang='lat' dir='ltr'><strong>sqq.</strong></span> <span class='ocrx_word' id='word_1_249' title='bbox 309 2320 447 2369; x_wconf 82' lang='lat' dir='ltr'><strong>aceepit</strong></span> <span class='ocrx_word' id='word_1_250' title='bbox 466 2319 608 2355; x_wconf 83' lang='lat' dir='ltr'><strong>vulnus.</strong></span> <span class='ocrx_word' id='word_1_251' title='bbox 670 2319 802 2366; x_wconf 78' lang='lat' dir='ltr'><strong>Sagitta</strong></span> <span class='ocrx_word' id='word_1_252' title='bbox 840 2320 987 2358; x_wconf 87' lang='lat' dir='ltr'><strong>Casaub.</strong></span> <span class='ocrx_word' id='word_1_253' title='bbox 1010 2320 1058 2357; x_wconf 90' lang='lat' dir='ltr'><strong>ad</strong></span> <span class='ocrx_word' id='word_1_254' title='bbox 1075 2321 1151 2357; x_wconf 86' lang='lat' dir='ltr'><strong>Liv.</strong></span> <span class='ocrx_word' id='word_1_255' title='bbox 1175 2320 1253 2357; x_wconf 91' lang='lat' dir='ltr'><strong>Lib.</strong></span> <span class='ocrx_word' id='word_1_256' title='bbox 1276 2319 1318 2358; x_wconf 84' lang='lat' dir='ltr'><strong>V.</strong></span> <span class='ocrx_word' id='word_1_257' title='bbox 1343 2321 1426 2369; x_wconf 87' lang='lat' dir='ltr'><strong>Cap.</strong></span> 
     </span>
     <span class='ocr_line' id='line_1_31' title="bbox 209 2380 1426 2432; baseline 0.003 -16"><span class='ocrx_word' id='word_1_258' title='bbox 209 2380 381 2419; x_wconf 86' lang='lat' dir='ltr'><strong>haerebat</strong></span> <span class='ocrx_word' id='word_1_259' title='bbox 407 2383 447 2419; x_wconf 90' lang='lat' dir='ltr'><strong>in</strong></span> <span class='ocrx_word' id='word_1_260' title='bbox 474 2393 632 2430; x_wconf 87' lang='lat' dir='ltr'><strong>corpore.</strong></span> <span class='ocrx_word' id='word_1_261' title='bbox 665 2381 802 2418; x_wconf 82' lang='lat' dir='ltr'><strong>Jasides</strong></span> <span class='ocrx_word' id='word_1_262' title='bbox 839 2382 970 2420; x_wconf 84' lang='lat' dir='ltr'><strong>xvm.</strong></span> <span class='ocrx_word' id='word_1_263' title='bbox 999 2382 1025 2432; x_wconf 82' lang='lat'><em>§</em></span> <span class='ocrx_word' id='word_1_264' title='bbox 1053 2383 1076 2419; x_wconf 89' lang='lat'><strong>4</strong></span> <span class='ocrx_word' id='word_1_265' title='bbox 1100 2387 1136 2419; x_wconf 85' lang='lat' dir='ltr'><strong>et</strong></span> <span class='ocrx_word' id='word_1_266' title='bbox 1158 2383 1238 2420; x_wconf 90' lang='lat' dir='ltr'><strong>Lib.</strong></span> <span class='ocrx_word' id='word_1_267' title='bbox 1261 2382 1336 2428; x_wconf 72' lang='lat' dir='ltr'><strong>vl„</strong></span> <span class='ocrx_word' id='word_1_268' title='bbox 1354 2383 1426 2420; x_wconf 91' lang='lat'><strong>111.</strong></span> 
     </span>
     <span class='ocr_line' id='line_1_32' title="bbox 209 2441 1427 2492; baseline 0.001 -15"><span class='ocrx_word' id='word_1_269' title='bbox 209 2441 341 2479; x_wconf 77' lang='lat' dir='ltr'><strong>frustra</strong></span> <span class='ocrx_word' id='word_1_270' title='bbox 368 2444 506 2492; x_wconf 80' lang='lat' dir='ltr'><strong>forcipe</strong></span> <span class='ocrx_word' id='word_1_271' title='bbox 534 2448 683 2481; x_wconf 82' lang='lat' dir='ltr'><strong>conatur</strong></span> <span class='ocrx_word' id='word_1_272' title='bbox 706 2443 801 2479; x_wconf 85' lang='lat' dir='ltr'><strong>evel-</strong></span> <span class='ocrx_word' id='word_1_273' title='bbox 838 2443 864 2492; x_wconf 79' lang='lat'>§</span> <span class='ocrx_word' id='word_1_274' title='bbox 879 2444 916 2480; x_wconf 91' lang='lat'><strong>2.</strong></span> <span class='ocrx_word' id='word_1_275' title='bbox 934 2443 999 2481; x_wconf 90' lang='lat' dir='ltr'><strong>Ed.</strong></span> <span class='ocrx_word' id='word_1_276' title='bbox 1015 2444 1194 2492; x_wconf 75' lang='lat' dir='ltr'><strong>Drakenb.</strong></span> <span class='ocrx_word' id='word_1_277' title='bbox 1244 2444 1271 2479; x_wconf 87' lang='grc' dir='ltr'><strong>Ε</strong></span> <span class='ocrx_word' id='word_1_278' title='bbox 1289 2444 1427 2479; x_wconf 82' lang='lat' dir='ltr'><strong>diversa</strong></span> 
     </span>
    </p>
   </div>
   <div class='ocr_carea' id='block_1_4' title="bbox 207 2504 1425 2555">
    <p class='ocr_par' dir='ltr' id='par_1_5' title="bbox 207 2504 1425 2555">
     <span class='ocr_line' id='line_1_33' title="bbox 207 2504 1425 2555; baseline 0.001 -13"><span class='ocrx_word' id='word_1_279' title='bbox 207 2505 299 2553; x_wconf 87' lang='lat' dir='ltr'><strong>lere,</strong></span> <span class='ocrx_word' id='word_1_280' title='bbox 317 2511 353 2542; x_wconf 88' lang='lat' dir='ltr'><strong>et</strong></span> <span class='ocrx_word' id='word_1_281' title='bbox 369 2506 546 2554; x_wconf 79' lang='lat' dir='ltr'><strong>frangere.</strong></span> <span class='ocrx_word' id='word_1_282' title='bbox 583 2505 721 2544; x_wconf 80' lang='lat' dir='ltr'><strong>Deinde</strong></span> <span class='ocrx_word' id='word_1_283' title='bbox 734 2506 816 2555; x_wconf 70' lang='lat' dir='ltr'><strong>per&#39;</strong></span> <span class='ocrx_word' id='word_1_284' title='bbox 838 2507 968 2544; x_wconf 87' lang='lat' dir='ltr'><strong>horum</strong></span> <span class='ocrx_word' id='word_1_285' title='bbox 992 2507 1183 2544; x_wconf 86' lang='lat' dir='ltr'><strong>verborum</strong></span> <span class='ocrx_word' id='word_1_286' title='bbox 1203 2504 1425 2553; x_wconf 80' lang='lat' dir='ltr'><strong>significatio-</strong></span> 
     </span>
    </p>
   </div>
  </div>
 </body>
</html>
