1848 3122
1031 296 1089 340 98

453 432 561 477 male
595 433 748 486 divisit,
786 439 829 475 et
860 444 988 489 aequo
1020 431 1108 474 iure
1132 433 1285 489 genitos
1310 432 1434 477 alium
1456 431 1523 476 alii
1546 431 1672 476 dona-

453 512 535 563 vit,
564 515 756 565 exaequat
779 510 932 551 omnia:
969 506 1068 551 haec
1094 516 1178 563 est,
1208 522 1311 564 quae
1328 510 1434 552 nihil
1455 509 1675 568 quidquam

452 586 579 628 alieno
611 583 706 627 fecit
738 583 926 628 arbitrio:
955 584 1055 628 haec
1080 592 1163 638 est‚‘
1193 584 1236 625 in
1267 598 1347 641 qua
1371 599 1491 630 nemo
1512 586 1676 630 humili-

450 668 573 707 tatem
598 675 713 704 suam
734 662 878 703 sensit:
907 661 1005 703 haec
1028 668 1110 713 est,
1140 673 1244 716 quae
1265 660 1369 703 nulli
1392 663 1546 718 paruit:
1580 663 1679 705 haec

450 744 534 792 est,
570 737 738 792 Marcia,
775 751 897 794 quam
930 743 1044 793 pater
1075 742 1171 779 tuus
1199 737 1439 794 concupivit.
1499 736 1541 779 3.
1570 738 1683 781 Haec

450 821 536 867 oet,
572 814 760 870 inquam,
793 826 898 869 quae
927 812 1076 865 efficit,
1113 818 1162 853 ut
1194 814 1304 855 nasci
1330 826 1411 854 non
1440 813 1492 855 sit
1521 813 1680 869 suppli-

450 889 582 931 cium:
610 903 716 946 quae
748 888 892 942 efficit,
928 895 974 930 ut
1002 902 1084 930 non
1105 887 1316 931 concidam
1339 889 1525 933 adversus
1551 890 1678 932 minas

451 975 638 1018 casuum,
674 971 722 1006 ut
750 976 904 1005 servare
929 964 1109 1004 animum
1135 963 1292 1005 salvum
1312 978 1360 1006 ac
1382 972 1587 1022 potentem
1613 965 1681 1006 suiv

451 1040 615 1095 possim.
674 1039 814 1082 Habeo
850 1052 932 1095 quo
965 1038 1179 1095 appellam.
1250 1039 1374 1082 Video
1413 1041 1502 1083 istie
1536 1053 1677 1083 (ιι-ηοω

498 1198 625 1247 Aequo
645 1200 732 1249 jure
759 1199 901 1249 genitos
931 1198 1044 1234 alium
1075 1197 1210 1246 ptivis,
1244 1198 1425 1235 exsulibus
1453 1210 1570 1236 senno
1593 1197 1678 1238 fuit.

450 1261 520 1297 alii
530 1262 690 1299 donavit.
715 1261 907 1296 Pincianus
924 1270 1044 1295 emen·
1083 1259 1188 1304 Quod
1200 1259 1246 1295 ad
1258 1260 1414 1296 alterum
1424 1266 1679 1307 argumentum

452 1321 515 1358 dat
546 1323 632 1358 aliis
661 1334 728 1370 pro
749 1323 836 1367 alii,
861 1321 947 1356 aliis
967 1320 1045 1355 scil.
1084 1321 1232 1366 attinet,
1263 1321 1334 1357 hoc
1363 1334 1437 1357 non
1466 1326 1559 1358 stare
1578 1334 1679 1369 posse

450 1389 551 1419 sexto
578 1396 674 1419 casu.
724 1384 863 1430 Lipsius
877 1383 957 1429 jam
979 1376 1046 1417 ad-
1083 1383 1175 1418 mihi
1195 1382 1352 1418 videtur.
1397 1383 1488 1419 Mors
1505 1396 1609 1430 pares
1629 1384 1678 1419 fa·

449 1443 565 1480 didit:
602 1444 826 1481 merissime:
860 1443 906 1479 de
937 1442 1045 1478 rebus
1083 1444 1134 1480 cit
1155 1443 1337 1489 homines,
1359 1449 1395 1480 at
1415 1445 1547 1492 quihus
1565 1445 1604 1480 in
1622 1456 1678 1481 re-

449 1506 636 1553 »loquitur
657 1506 858 1553 opibusque
875 1516 965 1551 quas
984 1515 1044 1538 na-

449 1573 556 1604 »tura
572 1579 783 1604 communes
790 1595 801 1613 ‚
816 1566 963 1602 fortuna
977 1564 1045 1599 ini-

452 1640 550 1675 »que
580 1629 766 1663 distribuit
786 1627 876 1661 huie
896 1626 1046 1668 multas,

452 1689 535 1724 »illi
563 1690 729 1735 paucas.''
779 1686 986 1722 Lectionem
1006 1684 1047 1718 il-

450 1750 526 1786 lam
556 1748 803 1795 recipiendam
835 1748 949 1791 duco,
984 1745 1047 1781 sed

450 1809 743 1858 respondendum
765 1814 817 1844 est
836 1808 983 1843 Prieneo
1000 1807 1047 1843 ad

449 1871 584 1919 Apulei
589 1871 728 1907 Metam.
737 1871 795 1906 ed.
803 1870 942 1906 Bossch.
948 1869 1045 1905 Tom.

450 1934 518 1969 111.
539 1946 620 1980 pag.
635 1932 708 1968 244
730 1932 913 1979 vulgatam
933 1932 1046 1966 alium

451 1996 521 2032 alii
537 1994 750 2031 defendenti
764 1994 822 2029 his
835 1993 1044 2029 rationibus.

449 2056 635 2092 Primum:
667 2054 768 2103 quod
788 2054 835 2090 de
854 2055 956 2090 rebus
977 2065 1046 2089 an·

452 2122 512 2153 tea
530 2118 673 2153 locutus
683 2144 694 2162 ‚
719 2115 766 2152 de
779 2117 941 2164 personis
964 2114 1045 2150 sub-

448 2179 583 2226 jungit.
628 2177 782 2213 Deinde:
808 2177 907 2224 quod
927 2182 965 2212 et
983 2177 1045 2212 ho-

451 2240 566 2276 mines
597 2250 801 2290 exaequare
838 2249 934 2274 mors
964 2237 1047 2273 satis

1083 1506 1174 1541 hus?
1211 1517 1342 1552 nempe
1373 1506 1413 1541 in
1448 1506 1679 1551 conditione,

1083 1566 1127 1602 iis
1145 1566 1184 1601 in
1198 1566 1306 1601 rebus
1322 1578 1417 1613 quae
1434 1566 1678 1603 conditionem

1085 1628 1278 1661 hominum
1288 1629 1565 1663 constituebant.
1581 1629 1679 1663 Hanc

1086 1686 1353 1731 conditionem,
1401 1699 1457 1722 res
1497 1688 1544 1723 ad
1578 1689 1680 1724 illam

1085 1748 1326 1795 pertinentes,
1368 1760 1436 1783 cur
1468 1761 1542 1784 non
1572 1762 1680 1785 exae-

1085 1821 1198 1857 quare
1228 1808 1302 1844 dici
1331 1821 1428 1845 mors
1450 1809 1559 1857 possit
1586 1822 1681 1847 non-

1086 1871 1175 1906 dum
1193 1871 1371 1918 intelligo.
1419 1871 1545 1919 Neque
1559 1873 1680 1908 omnia

1085 1932 1311 1969 solummodo
1347 1932 1394 1968 de
1424 1933 1526 1968 rebus
1563 1933 1680 1981 accipi

1084 1999 1200 2042 potest
1211 2009 1221 2040 ;
1268 1995 1388 2029 omnia
1428 2006 1575 2041 quoque
1613 2007 1681 2042 per

1085 2069 1203 2092 omnes
1215 2055 1388 2103 explicari
1398 2059 1529 2103 potest,
1543 2060 1584 2090 ut
1595 2055 1678 2102 Cap.

1085 2118 1145 2155 VI.
1167 2117 1192 2167 §
1212 2118 1236 2154 2
1267 2118 1437 2164 defuncta
1467 2129 1534 2164 pro
1557 2117 1679 2164 desun-

1086 2187 1170 2215 ctoe.
1185 2179 1350 2226 Denique
1359 2178 1406 2214 de
1414 2179 1525 2214 emis
1529 2178 1607 2224 jam
1617 2191 1678 2214 no-

1085 2245 1157 2276 ster
1176 2240 1318 2277 locutus
1338 2244 1430 2284 erat,
1449 2238 1611 2275 nondum
1632 2240 1679 2277 de

450 2307 550 2337 recte
568 2301 702 2337 dicitur
710 2328 721 2346 ‚
738 2313 795 2336 res
808 2312 895 2336 vero
912 2311 1045 2347 nequa-
1077 2304 1310 2351 pauperibus.
1332 2289 1376 2337 H'i
1386 2301 1565 2337 restabant
1570 2317 1580 2349 3
1594 2302 1678 2339 ideo

449 2375 574 2412 quam.
645 2362 748 2397 Prius
789 2367 1045 2408 argumentum

448 2425 564 2473 hujus
584 2424 798 2472 paragraphi
818 2424 924 2460 initio
940 2424 1044 2461 refel-

448 2487 559 2531 litur,
584 2485 650 2521 ubi
666 2485 744 2532 jam
764 2485 812 2522 de
828 2487 956 2531 nervis,
982 2500 1045 2524 ca-

1085 2363 1249 2399 Pinciani
1259 2360 1480 2398 emendatio:
1498 2375 1608 2411 aequo
1613 2365 1677 2412 ju-

1084 2438 1120 2461 re
1132 2427 1274 2474 genitos
1291 2424 1403 2459 alium
1414 2425 1498 2461 aliis
1513 2426 1676 2471 donavit,

1084 2492 1126 2523 ut
1154 2486 1247 2524 mihi
1270 2483 1434 2533 videtur,
1464 2486 1674 2534 requiritur.
