1848 3122
812 307 869 350 47

233 442 363 493 enim,
391 438 567 493 malum,
595 438 765 480 amentia
789 446 873 494 est,
901 451 1049 498 poenas
1081 453 1106 481 a
1142 452 1187 482 se
1210 439 1449 484 infelicitatis

232 517 409 571 exigere,
438 522 479 557 et
499 514 602 557 mala
621 529 694 558 sua
712 515 886 572 augere?
915 516 1042 570 Quam
1065 516 1106 558 in
1126 517 1235 559 omni
1259 518 1341 559 vita
1362 530 1452 560 ser-

231 593 333 635 vasti
358 605 514 634 morum
539 592 779 648 probitatem
804 599 845 634 et
867 593 1162 648 verecundiam,
1181 594 1225 636 in
1248 593 1327 636 hac
1345 607 1452 651 quo-

234 682 315 726 que
347 682 391 712 re
415 668 651 728 praestabis:
680 676 742 712 est
765 669 873 711 enim
898 669 1093 727 quaedam
1113 677 1154 713 et
1176 670 1339 714 dolendi
1361 684 1452 714 mo-

232 745 370 790 destia.
435 746 556 790 Illum
593 746 726 803 ipsum
755 736 938 789 iuvenem
973 746 1200 803 digmssime
1239 747 1449 806 quietum,

283 899 380 946 Quae
400 899 512 942 enim,
533 896 679 942 malum,
700 909 823 932 amen·-
859 902 987 932 rentur
1018 909 1141 933 manes
1145 924 1158 942 ,
1181 908 1230 932 ne
1249 898 1451 945 inquieten-

231 960 296 995 tia.
337 958 609 1005 Indignantium
638 958 750 993 dictio
779 962 822 992 ut
861 963 933 995 tur.
960 965 1007 995 Τὸ
1016 961 1174 1006 quietum
1182 960 1453 1006 accipiendum,

231 1025 330 1058 recte
352 1020 495 1057 monuit
507 1018 741 1066 Ruhkopfius.
765 1018 824 1053 Sic
861 1020 963 1067 quasi
983 1020 1039 1056 bis
1066 1021 1223 1068 positum
1243 1026 1350 1067 esset,
1383 1022 1455 1058 hoc

232 1083 304 1119 Cic.
325 1082 460 1130 Philip.
467 1082 496 1118 I.
507 1079 534 1130 §⁸
546 1081 602 1118 15.
626 1080 821 1130 Quaenam,
859 1092 983 1117 sensu:
1001 1081 1108 1118 illum
1125 1083 1191 1130 qui
1205 1083 1336 1119 merito
1350 1084 1454 1131 quie-

229 1147 377 1193 malam»,
396 1153 447 1182 eet
459 1146 530 1181 ista
541 1144 743 1180 voluntaria
752 1154 821 1178 eer-
859 1151 936 1190 tue,
972 1156 1014 1180 ac
1044 1145 1195 1181 minime
1228 1145 1452 1182 infestandus

228 1209 348 1244 vim?
372 1208 417 1243 In
425 1206 614 1243 Verr.Act.
627 1204 818 1241 11.Li1›.11.
858 1211 931 1253 est,
955 1219 1095 1255 semper
1113 1208 1217 1244 talem
1242 1208 1376 1257 (amoto
1395 1209 1453 1244 in-

230 1270 257 1320 §
267 1271 326 1307 43.
354 1272 468 1320 Quae,
488 1270 634 1313 malum,
656 1269 820 1316 istafuit
856 1281 962 1314 sano,
987 1270 1142 1316 querulo
1173 1275 1282 1317 atque
1303 1271 1453 1318 inquie-

228 1331 591 1379 amaad-Inprimis
599 1330 820 1366 comicorum
858 1334 956 1366 tante
985 1329 1105 1378 luctu)
1143 1331 1359 1378 appellando
1391 1331 1452 1368 vel

229 1399 293 1431 δι,
858 1391 1171 1428 commemorando
1192 1404 1234 1428 ac
1254 1393 1371 1428 menti
1389 1405 1451 1429 re-

275 1456 498 1504 Diqm‘esime
508 1455 665 1501 quietum
673 1457 741 1488 eet.
759 1451 819 1487 Est
855 1455 1131 1500 praesentando,
1147 1457 1305 1502 quietum
1320 1455 1447 1492 facies:

227 1517 398 1554 Gronovii
412 1516 502 1553 haec
513 1514 732 1560 emendati05
751 1513 816 1561 qui
854 1515 905 1550 sic
924 1514 1073 1551 demum
1092 1528 1178 1552 vere
1193 1517 1250 1552 illi
1266 1517 1448 1565 placidam

226 1579 383 1626 Lipsiani
403 1578 536 1614 codicis
549 1577 741 1612 lectionem
756 1575 816 1611 ad·
855 1588 998 1623 pacem,
1022 1589 1133 1624 quam
1149 1579 1302 1614 mortuis
1320 1580 1451 1616 nostris

227 1640 325 1677 misit
344 1644 474 1683 totam,
497 1638 566 1673 nisi
588 1637 687 1684 quod
695 1637 818 1685 facies
857 1641 1020 1683 optamus
1027 1665 1038 1683 ‚
1073 1638 1185 1674 dahis.
1235 1639 1292 1675 lta
1321 1639 1386 1687 Ep.
1413 1640 1449 1677 8.

227 1713 295 1750 pro
329 1702 442 1747 faciet
471 1698 641 1747 reposuit.
699 1697 818 1734 Aliam
858 1698 1014 1734 Fidelem
1038 1700 1073 1735 ei
1095 1702 1299 1748 putaveris,
1313 1703 1467 1751 faciens

227 1775 332 1809 vero,
357 1774 467 1810 quam
485 1773 579 1809 quae
598 1761 640 1796 in
658 1760 818 1796 editione
857 1760 921 1807 Ep.
955 1760 1014 1797 78.
1059 1762 1168 1797 levem
1200 1763 1325 1809 illum,
1365 1763 1451 1799 dum

227 1829 426 1872 stereotypa
443 1822 619 1867 occurrit,
641 1821 742 1858 dedit
761 1822 815 1857 in-
848 1828 980 1870 putas,
994 1823 1130 1870 facies.
1178 1823 1360 1870 Frequens
1376 1824 1449 1860 hoc

225 1886 531 1934 terpunctionem:
565 1885 676 1920 Illum
699 1885 816 1933 ipsum
854 1884 1027 1931 antiquis,
1047 1889 1089 1919 ut
1107 1883 1206 1920 idem
1227 1885 1446 1922 vocabulum

214 1950 386 1997 juvenem
423 1948 629 1996 dignissime
660 1948 816 1994 quietum
853 1945 964 1981 semel
993 1956 1215 1992 expressum,
1247 1949 1351 1995 quasi
1374 1949 1447 1985 ite-

224 2021 358 2059 eemper
376 2010 563 2045 nominans
590 2011 815 2057 cogitansque
853 2019 936 2043 rum
967 2019 1173 2055 expressum
1201 2014 1308 2055 esset,
1340 2010 1446 2047 intel-

216 2073 359 2121 faeies,
383 2071 510 2108 omisso
530 2075 705 2107 commate
721 2070 815 2106 inter
853 2070 989 2105 lectum
999 2069 1148 2107 velint.’'
1160 2071 1338 2107 Hactenus
1353 2072 1446 2109 Gro-

226 2135 452 2184 cogieamque
472 2137 509 2167 et
521 2133 652 2180 facies.
679 2131 814 2168 Locum
852 2132 990 2168 novius.
1039 2131 1109 2168 Sed
1141 2132 1215 2169 duo
1248 2139 1446 2170 occurrunt

226 2200 348 2231 autem
376 2195 426 2230 sic
457 2193 630 2240 explicat:
656 2194 756 2241 quies
778 2198 815 2229 et
852 2193 944 2228 mihi
974 2193 1233 2241 impedimenta
1252 2196 1446 2242 quominus

220 2271 298 2307 paz·
316 2257 461 2307 proprie
483 2256 637 2294 feliciter
656 2261 719 2294 aut
738 2269 814 2293 cer·
852 2255 974 2293 locum
999 2256 1050 2292 sic
1069 2256 1340 2305 interpunctum
1354 2259 1446 2295 reci·

226 2324 264 2355 te
295 2321 370 2357 vita
396 2319 538 2367 egregie
559 2323 638 2354 acta
658 2323 814 2354 mortuo-
851 2319 960 2366 piam.
1008 2318 1126 2354 Prius:
1161 2319 1261 2367 quod
1291 2321 1443 2358 vocabu-

226 2392 328 2418 rum:
364 2382 411 2418 de
445 2394 518 2429 qno
547 2379 594 2417 ad
615 2379 814 2416 mundum
851 2380 931 2417 lum
947 2382 1102 2429 quietum
1116 2382 1167 2418 sic
1182 2382 1293 2419 semel
1303 2395 1442 2431 expres-

225 2443 402 2487 Silvarum
424 2443 537 2479 statii.
570 2443 661 2489 Ergo
680 2441 814 2489 diffluis·
851 2454 953 2488 sum,
987 2455 1062 2479 non
1093 2445 1196 2490 quasi
1226 2445 1353 2481 iterum
1384 2444 1446 2492 (ut

227 2505 313 2541 sime
345 2505 502 2551 quietum
528 2508 579 2539 est
609 2502 714 2549 cujus
739 2513 814 2538 me·
852 2502 939 2552 ait),
968 2504 1031 2541 md
1048 2505 1150 2551 quasi
1167 2512 1220 2542 ter
1236 2517 1439 2553 expressum
