1848 3122
793 309 849 351 87

211 444 365 485 flumen
400 442 599 495 integrum
631 439 769 481 subter
803 448 864 484 tot
899 440 1044 493 maxia,
1080 449 1121 482 et
1148 455 1172 482 a
1199 439 1430 482 confusione

210 517 353 577 peioris
386 515 519 558 midae
553 522 780 570 servatum,
819 516 1009 559 reddidit.
1071 516 1231 560 Videbis
1265 523 1429 574 portum

210 594 499 652 quietissimum
523 594 724 647 omnium,
753 588 854 649 quos
878 602 948 636 aut
971 602 1110 637 natura
1134 595 1267 651 posuit
1289 595 1332 635 in
1356 601 1426 636 tu-

211 669 332 713 telam
354 669 559 723 classium,
587 676 657 712 aut
675 669 827 712 adiuvit
850 683 1013 725 manus,
1040 671 1096 717 sic
1116 677 1272 724 tutum,
1303 676 1351 712 ut
1374 682 1427 711 ne

210 747 470 789 maximarum
511 745 673 801 quidem
718 754 1001 803 tempestatum
1044 746 1167 789 furori
1208 746 1318 788 locus
1358 746 1424 788 sit.

210 821 252 865 4.
292 823 477 874 Videbis,
514 821 586 862 ubi
613 820 858 865 Athenarum
886 823 1064 878 potentia
1092 822 1236 864 fracta:
1265 822 1338 864 ubi
1364 829 1426 864 tot

210 897 334 939 millia
354 897 621 953 captivorum,
651 896 719 939 ille
738 897 876 939 excisis
895 897 937 938 in
955 896 1153 938 infinitam
1175 896 1427 938 altitudinem

210 974 333 1026 saxis,
373 972 589 1016 lautumius
624 987 758 1016 carcer
790 972 1028 1026 incluserat,
1068 974 1193 1029 ipsam
1228 973 1430 1028 ingentem

134 1082 137 1085 .
211 1049 409 1092 civitatem
421 1080 434 1102 ,
454 1056 496 1091 et
516 1047 640 1091 latius
664 1049 866 1102 turritam,
887 1062 1010 1105 quam
1031 1048 1248 1091 multarum
1268 1048 1431 1092 urbium

211 1125 311 1167 fines
343 1125 443 1176 sint,
473 1124 716 1179 tepidissima
745 1123 936 1176 hiberna,
973 1132 1014 1165 et
1037 1125 1196 1166 nullum
1218 1125 1326 1165 diem
1345 1125 1432 1166 sine

211 1180 435 1244 interventu
466 1200 571 1242 solis.
629 1199 709 1241 Sed
744 1213 873 1256 quum
907 1200 1037 1241 omnia
1069 1200 1146 1241 ista
1179 1200 1431 1255 cognoveris,

213 1277 337 1333 gravis
362 1284 404 1318 et
429 1275 639 1318 insalubris
666 1283 792 1319 aestas
814 1275 972 1318 hiberni
997 1275 1097 1318 coeli
1123 1275 1316 1318 beneficia
1341 1290 1432 1319 cor-

215 1460 248 1490 et
264 1454 305 1489 in
327 1454 459 1490 Sicilia
477 1465 600 1489 rursus
619 1453 805 1501 transjecto
843 1452 925 1489 loco
966 1452 1070 1489 docet
1106 1453 1290 1501 Alpheum
1324 1465 1439 1501 pene-

215 1517 308 1550 mari
326 1516 501 1562 effundere
521 1515 805 1548 amoenissimum
844 1519 940 1549 trare
965 1515 1005 1548 in
1032 1514 1191 1559 sontem,
1223 1522 1257 1549 et
1281 1516 1336 1550 sio
1357 1527 1438 1550 eum

206 1577 348 1625 fontem
374 1575 597 1612 Arethusam.
646 1573 807 1620 Conjecit
846 1563 1020 1622 effundere
1031 1602 1042 1620 ,
1061 1587 1136 1610 non
1155 1575 1292 1611 sontem
1311 1575 1352 1610 in
1371 1574 1438 1610 flu-

216 1637 268 1673 sic
298 1649 319 1672 e
340 1636 446 1671 codd.
471 1635 645 1670 lectione:
671 1636 747 1669 sive
768 1635 810 1668 in
848 1647 945 1671 men.
995 1636 1104 1682 Lipsii
1131 1636 1265 1671 codicis
1285 1636 1442 1673 lectione

215 1698 334 1745 ipsum
344 1698 601 1744 transflumen:
612 1694 712 1730 unde
725 1696 809 1730 Gro-
848 1701 1001 1741 retenta,
1026 1697 1141 1732 omnis
1166 1697 1355 1734 difficultas
1381 1711 1445 1734 su-

216 1758 344 1794 novius
375 1761 576 1792 tentaverat
609 1757 685 1790 sive
718 1755 809 1790 Pisa
847 1757 944 1793 blata
971 1758 1115 1793 videtur
1121 1773 1132 1804 ;
1159 1771 1268 1805 quam
1291 1760 1368 1806 ipoe
1386 1760 1443 1795 Li-

216 1832 335 1854 meam
346 1820 499 1866 flumen.
530 1817 602 1852 Cur
621 1817 826 1863 vulgatum'
847 1819 945 1866 psius
961 1824 1082 1854 autem
1094 1819 1172 1865 jam
1186 1832 1260 1855 non
1271 1832 1441 1866 spernen-

215 1883 428 1926 corruptum
465 1882 568 1925 putet
606 1889 681 1913 non
711 1877 812 1912 addit
849 1880 933 1915 dam
963 1879 1067 1916 dixit.
1116 1880 1174 1915 Ibi
1198 1881 1352 1927 legitur:
1372 1895 1440 1917 na-

217 1939 515 1976 Hemsterhusius.
565 1937 695 1984 Credo,
713 1938 812 1986 quod
849 1954 949 1978 soem
967 1943 1121 1987 invenit,
1145 1943 1221 1978 sive
1241 1944 1358 1991 ipsum
1377 1951 1442 1979 ter-

218 2003 294 2050 ipse
321 2002 401 2038 sons
421 2002 524 2037 nasci
545 2000 714 2047 quidem,
738 2013 813 2036 non
850 2005 903 2039 ris
913 2005 1054 2052 flumen
1070 2016 1146 2051 sqq.
1165 2006 1283 2052 ipsum
1302 2005 1349 2041 ad
1367 2006 1442 2042 son-

218 2068 342 2099 antem
372 2069 552 2098 nascentes
578 2074 690 2109 aquas
714 2062 813 2098 inve-

218 2125 299 2161 nire
317 2128 449 2171 potest5
476 2122 610 2158 deinde
630 2123 731 2171 quod
746 2123 812 2160 ssu-

218 2197 306 2223 men
325 2188 417 2222 mari
435 2186 720 2232 immerqebatur‚
740 2197 814 2221 non

219 2250 333 2284 terris.
381 2247 465 2294 Ejus
495 2251 617 2281 autem
641 2247 815 2283 emenda-

220 2311 311 2346 tioni
339 2312 424 2357 hoc,
449 2316 490 2347 ut
521 2309 614 2345 mihi
645 2310 813 2356 videtur,

222 2373 356 2417 obstat,
380 2373 479 2420 quod
502 2378 581 2409 tum
600 2377 719 2408 noster
740 2384 815 2408 non

223 2434 354 2471 similia
374 2447 415 2471 ac
435 2436 513 2472 Nat.
537 2436 577 2480 Q.
599 2434 657 2471 VI.
678 2434 761 2482 Cap.
773 2434 813 2479 8,

224 2497 284 2534 sed
294 2497 473 2534 contra-ia
486 2497 634 2533 diceret.
656 2497 706 2533 Eo
716 2497 813 2532 enim

851 2069 925 2100 tem
936 2065 1067 2100 referri
1078 2064 1196 2101 debet.
1223 2066 1321 2102 Hanc
1333 2067 1444 2113 igitur

851 2126 1044 2163 lectionem
1063 2127 1102 2162 in
1120 2131 1259 2163 textum
1270 2129 1444 2176 recipien-

853 2188 938 2223 dam
965 2188 1080 2234 duco,
1113 2201 1208 2235 quae
1231 2190 1339 2236 plane
1361 2202 1445 2226 cum

852 2250 933 2286 loeo
954 2250 1018 2285 illo
1039 2261 1060 2285 e
1078 2250 1118 2294 Q.
1138 2250 1180 2285 N.
1190 2277 1201 2295 ,
1226 2253 1385 2298 apposite
1400 2253 1445 2288 ab

854 2312 1118 2348 Hemsterhusio
1128 2312 1252 2359 allato,
1264 2316 1444 2351 convenit.

902 2375 1039 2410 Luscius
1051 2376 1216 2410 turritam
1227 2381 1372 2412 annotat
1384 2376 1444 2411 Ca-

854 2437 1033 2473 saubonus
1051 2436 1099 2473 ni.
1110 2448 1143 2473 e.
1158 2437 1352 2473 moenitam
1361 2453 1445 2485 πυρ-

855 2501 1036 2543 γοφορὸν.”
