1848 3122
977 310 1002 349 2

415 437 517 478 viros
529 467 542 487 ,
570 437 747 492 Lipsium
768 437 980 492 praecipue
994 448 1033 477 et
1050 437 1290 478 Gronovium
1302 468 1313 488 ,
1329 438 1372 476 in
1387 436 1572 486 Senecae,

415 518 462 547 ut
487 507 678 562 praeclari
697 507 898 563 scriptoris
910 539 921 559 ,
950 509 1133 563 operibus
1149 507 1384 547 illustrandis
1401 519 1441 548 et
1455 522 1579 547 emen-

417 578 554 618 dandis
596 578 815 633 plurimum
849 594 987 634 operae
1031 571 1224 634 posuisse3
1269 580 1480 634 ipsumque
1519 594 1582 618 au-

419 661 568 691 ctorem
596 650 638 689 in
653 649 870 692 editionum
897 666 1055 692 suarum
1079 650 1382 706 praefationibus
1398 652 1448 690 ab
1469 649 1581 691 illatis

417 723 647 763 criminibus
689 738 826 775 magna
860 738 909 763 ex
944 734 1053 777 parte
1079 722 1311 773 vindicasse,
1343 724 1583 778 summisque

414 792 596 832 laudibus
628 792 851 834 celebrasse.
907 794 981 844 Qui
1015 808 1108 833 vero
1133 793 1319 845 rationes,
1348 793 1493 848 quibus
1522 808 1586 832 au-

419 865 536 904 ctoris
562 864 788 905 ostendatur
811 866 1067 919 praestantia,
1097 866 1327 919 requirant3
1355 865 1400 922 iis
1423 865 1584 904 Senecae

418 949 604 990 operum,
629 935 893 990 inprimisque
914 935 1035 987 hujus
1065 935 1225 990 pulcrae
1254 934 1521 975 consolationis
1536 932 1588 973 le-

378 1060 381 1062 ,
422 1007 594 1046 ctionem
621 1005 887 1046 commendem
915 1007 1047 1062 potius
1062 1037 1074 1058 ,
1102 1021 1222 1061 quam
1237 1021 1337 1053 meas
1352 1003 1585 1046 ratiunculas

418 1076 640 1117 obtrudam.

476 1148 645 1188 Consilio
672 1162 759 1188 meo
785 1163 877 1187 cum
901 1158 1128 1202 promotore
1153 1149 1349 1188 carissimo
1375 1147 1587 1187 communi-

422 1229 509 1258 cato
534 1219 583 1257 ab
608 1232 736 1273 eoque
761 1219 952 1273 probat03
991 1232 1077 1257 rem
1101 1232 1295 1270 aggressus
1322 1232 1431 1268 sum,
1458 1231 1588 1273 neque

422 1304 486 1328 me
509 1304 700 1344 umquam
715 1290 803 1329 initi
820 1288 970 1329 consilii
987 1289 1193 1343 poenituit.
1237 1288 1333 1327 Nam
1347 1289 1452 1328 inter
1468 1287 1590 1328 multa

424 1361 591 1401 Senecae
624 1361 772 1414 scripta
806 1361 911 1400 hanc
942 1359 1239 1400 consolationem
1264 1359 1412 1399 elucere
1434 1359 1586 1411 judico.

425 1432 518 1472 Nam
547 1433 641 1472 vitio
672 1431 741 1471 illo
768 1432 1043 1483 affectationis,
1071 1448 1153 1487 quo
1179 1443 1312 1473 noster
1337 1447 1451 1486 saepe
1474 1431 1587 1472 labo-

425 1513 504 1552 rat‚
543 1503 639 1542 haec
673 1502 882 1542 consolatio
910 1517 1036 1542 carere
1061 1502 1216 1542 videtur
1231 1520 1242 1542 t
1273 1502 1382 1557 quod
1412 1512 1540 1541 autem
1567 1517 1590 1540 a

426 1572 595 1622 Caligula
619 1572 679 1610 his
706 1573 834 1612 verbis
861 1586 1089 1625 expressum
1115 1572 1295 1622 legimus:
1323 1586 1414 1612 eum
1438 1586 1592 1610 arenam

428 1663 508 1686 esse
541 1644 623 1686 sine
660 1642 764 1686 calce
791 1642 874 1697 (l),
902 1643 980 1686 boc
1006 1662 1088 1686 non
1115 1663 1332 1694 moramur,
1360 1642 1512 1697 quippe
1541 1643 1591 1685 ab

429 1713 590 1753 homine
611 1712 763 1754 dictum
786 1713 925 1753 mentis
946 1727 1027 1754 non
1051 1723 1252 1769 compote,
1275 1723 1315 1753 et
1331 1713 1402 1768 qui
1423 1713 1593 1752 carmina

430 1785 588 1827 Homeri
614 1798 652 1828 et
678 1785 825 1838 Virgilii
848 1798 886 1835 et
908 1786 1084 1828 historias
1106 1787 1225 1838 Livii,
1251 1786 1293 1828 in
1311 1787 1457 1843 quibus
1473 1785 1595 1828 multa

430 1855 761 1910 reprehendebat,
783 1856 911 1897 delere
931 1857 1095 1898 volebat.
1148 1857 1230 1898 Nec
1247 1856 1393 1897 mirum
1409 1871 1500 1898 vero
1516 1857 1595 1898 hoc

431 1945 532 1984 opus
558 1929 722 1971 Senecae
746 1940 825 1970 tam
850 1930 1013 1971 feliciter
1040 1931 1217 1981 cessisse3
1249 1938 1375 1986 quum
1391 1931 1475 1982 jam
1499 1929 1592 1970 duas

428 1998 511 2039 illas
547 1998 845 2051 consolationes,
880 2000 930 2040 ad
963 2011 1125 2041 matrem
1156 2000 1336 2052 alteram,
1362 2000 1520 2041 alteram
1544 2000 1595 2039 ad

432 2070 639 2125 Polybium
666 2073 906 2128 scripsisset3
934 2073 1020 2127 ipse
1045 2088 1139 2115 vero
1161 2074 1209 2115 ab
1226 2073 1360 2115 exsilio
1384 2072 1513 2114 denuo
1534 2087 1593 2113 re·

434 2157 564 2182 versus
590 2144 647 2197 (2)
692 2157 733 2184 et
771 2146 868 2185 vitae
910 2144 1008 2185 mala
1043 2157 1222 2201 expertus
1249 2145 1372 2186 aliena
1396 2145 1504 2185 mala·
1521 2144 1596 2185 alta

435 2227 565 2255 mente
590 2218 749 2257 sentiret
756 2235 769 2268 3
799 2216 972 2272 denique
998 2218 1047 2257 ad
1074 2218 1256 2260 Marciam
1279 2220 1487 2269 scriberet,
1514 2233 1597 2257 mu-

820 2318 829 2335 Ι

473 2400 524 2441 (1)
546 2400 634 2432 Suet.
655 2402 690 2431 in
712 2400 813 2443 Calig.
834 2402 887 2433 53.

472 2449 524 2491 (2)
548 2449 618 2481 Vid.
639 2450 725 2481 loeus
740 2451 774 2481 in
790 2450 865 2482 diss.
881 2451 936 2482 uhi
954 2452 993 2485 de
1008 2459 1145 2497 tempore
1159 2476 1169 2495 ‚
1186 2465 1248 2496 quo
1264 2453 1344 2486 hane
1359 2455 1602 2489 consolationem

427 2501 545 2532 Seneca
566 2501 723 2542 scripsisse
743 2501 882 2540 videtur,
905 2504 967 2543 egi.
