<?xml version="1.0" encoding="UTF-8"?>
<!DOCTYPE html PUBLIC "-//W3C//DTD XHTML 1.0 Transitional//EN"
    "http://www.w3.org/TR/xhtml1/DTD/xhtml1-transitional.dtd">
<html xmlns="http://www.w3.org/1999/xhtml" xml:lang="en" lang="en">
 <head>
  <title>
</title>
<meta http-equiv="Content-Type" content="text/html;charset=utf-8" />
  <meta name='ocr-system' content='tesseract 3.04.00' />
  <meta name='ocr-capabilities' content='ocr_page ocr_carea ocr_par ocr_line ocrx_word'/>
</head>
<body>
  <div class='ocr_page' id='page_1' title='image "4737360_0100.png"; bbox 0 0 1848 3122; ppageno 0'>
   <div class='ocr_carea' id='block_1_1' title="bbox 1017 291 1076 332">
    <p class='ocr_par' dir='ltr' id='par_1_1' title="bbox 1017 291 1076 332">
     <span class='ocr_line' id='line_1_1' title="bbox 1017 291 1076 332; baseline 0 0"><span class='ocrx_word' id='word_1_1' title='bbox 1017 291 1076 332; x_wconf 84' lang='lat'><strong>84</strong></span> 
     </span>
    </p>
   </div>
   <div class='ocr_carea' id='block_1_2' title="bbox 442 422 1670 1542">
    <p class='ocr_par' dir='ltr' id='par_1_2' title="bbox 442 422 1670 1542">
     <span class='ocr_line' id='line_1_2' title="bbox 442 422 1659 481; baseline 0.002 -14"><span class='ocrx_word' id='word_1_2' title='bbox 442 433 527 468; x_wconf 86' lang='lat' dir='ltr'><strong>toto</strong></span> <span class='ocrx_word' id='word_1_3' title='bbox 548 425 729 468; x_wconf 84' lang='lat' dir='ltr'><strong>abstulit.</strong></span> <span class='ocrx_word' id='word_1_4' title='bbox 791 424 924 468; x_wconf 59' lang='lat' dir='ltr'><strong>Habes</strong></span> <span class='ocrx_word' id='word_1_5' title='bbox 949 436 998 465; x_wconf 87' lang='lat' dir='ltr'><strong>ex</strong></span> <span class='ocrx_word' id='word_1_6' title='bbox 1021 422 1092 466; x_wconf 93' lang='lat' dir='ltr'><strong>illo</strong></span> <span class='ocrx_word' id='word_1_7' title='bbox 1110 424 1210 468; x_wconf 86' lang='lat' dir='ltr'><strong>duas</strong></span> <span class='ocrx_word' id='word_1_8' title='bbox 1228 426 1354 479; x_wconf 75' lang='lat' dir='ltr'><strong>filias3</strong></span> <span class='ocrx_word' id='word_1_9' title='bbox 1381 428 1416 470; x_wconf 93' lang='lat' dir='ltr'><strong>si</strong></span> <span class='ocrx_word' id='word_1_10' title='bbox 1437 427 1541 469; x_wconf 81' lang='lat' dir='ltr'><strong>male</strong></span> <span class='ocrx_word' id='word_1_11' title='bbox 1558 427 1659 481; x_wconf 84' lang='lat' dir='ltr'><strong>fers,</strong></span> 
     </span>
     <span class='ocr_line' id='line_1_3' title="bbox 445 498 1661 561; baseline 0.002 -19"><span class='ocrx_word' id='word_1_12' title='bbox 445 514 587 558; x_wconf 82' lang='lat' dir='ltr'><strong>magna</strong></span> <span class='ocrx_word' id='word_1_13' title='bbox 610 512 747 541; x_wconf 87' lang='lat' dir='ltr'><strong>onera:</strong></span> <span class='ocrx_word' id='word_1_14' title='bbox 769 499 803 540; x_wconf 91' lang='lat' dir='ltr'><strong>si</strong></span> <span class='ocrx_word' id='word_1_15' title='bbox 822 498 946 553; x_wconf 85' lang='lat' dir='ltr'><strong>bene,</strong></span> <span class='ocrx_word' id='word_1_16' title='bbox 976 512 1118 556; x_wconf 85' lang='lat' dir='ltr'><strong>magna</strong></span> <span class='ocrx_word' id='word_1_17' title='bbox 1142 500 1290 542; x_wconf 87' lang='lat' dir='ltr'><strong>solatia.</strong></span> <span class='ocrx_word' id='word_1_18' title='bbox 1349 503 1395 544; x_wconf 85' lang='lat' dir='ltr'><strong>In</strong></span> <span class='ocrx_word' id='word_1_19' title='bbox 1416 503 1492 546; x_wconf 87' lang='lat' dir='ltr'><strong>hoc</strong></span> <span class='ocrx_word' id='word_1_20' title='bbox 1510 510 1551 545; x_wconf 88' lang='lat' dir='ltr'><strong>te</strong></span> <span class='ocrx_word' id='word_1_21' title='bbox 1566 516 1661 561; x_wconf 91' lang='lat' dir='ltr'><strong>per-</strong></span> 
     </span>
     <span class='ocr_line' id='line_1_4' title="bbox 445 575 1662 633; baseline 0.001 -14"><span class='ocrx_word' id='word_1_22' title='bbox 445 578 584 630; x_wconf 84' lang='lat' dir='ltr'><strong>duxit,</strong></span> <span class='ocrx_word' id='word_1_23' title='bbox 614 584 683 630; x_wconf 86' lang='lat' dir='ltr'><strong>ut,</strong></span> <span class='ocrx_word' id='word_1_24' title='bbox 714 575 802 617; x_wconf 91' lang='lat' dir='ltr'><strong>illas</strong></span> <span class='ocrx_word' id='word_1_25' title='bbox 837 591 963 633; x_wconf 92' lang='lat' dir='ltr'><strong>quum</strong></span> <span class='ocrx_word' id='word_1_26' title='bbox 989 576 1154 629; x_wconf 85' lang='lat' dir='ltr'><strong>videris,</strong></span> <span class='ocrx_word' id='word_1_27' title='bbox 1190 576 1431 620; x_wconf 86' lang='lat' dir='ltr'><strong>admonearis</strong></span> <span class='ocrx_word' id='word_1_28' title='bbox 1458 578 1552 633; x_wconf 85' lang='lat' dir='ltr'><strong>filii,</strong></span> <span class='ocrx_word' id='word_1_29' title='bbox 1582 592 1662 620; x_wconf 83' lang='lat' dir='ltr'><strong>non</strong></span> 
     </span>
     <span class='ocr_line' id='line_1_5' title="bbox 444 650 1664 709; baseline 0.001 -15"><span class='ocrx_word' id='word_1_30' title='bbox 444 652 604 694; x_wconf 87' lang='lat' dir='ltr'><strong>doloris.</strong></span> <span class='ocrx_word' id='word_1_31' title='bbox 676 651 716 693; x_wconf 88' lang='lat'><strong>5.</strong></span> <span class='ocrx_word' id='word_1_32' title='bbox 760 650 967 709; x_wconf 80' lang='lat' dir='ltr'><strong>Agricola,</strong></span> <span class='ocrx_word' id='word_1_33' title='bbox 1009 651 1150 694; x_wconf 84' lang='lat' dir='ltr'><strong>eversis</strong></span> <span class='ocrx_word' id='word_1_34' title='bbox 1188 651 1419 706; x_wconf 80' lang='lat' dir='ltr'><strong>arboribus,</strong></span> <span class='ocrx_word' id='word_1_35' title='bbox 1458 668 1556 709; x_wconf 86' lang='lat' dir='ltr'><strong>quas</strong></span> <span class='ocrx_word' id='word_1_36' title='bbox 1593 660 1664 696; x_wconf 84' lang='lat' dir='ltr'><strong>aut</strong></span> 
     </span>
     <span class='ocr_line' id='line_1_6' title="bbox 445 728 1665 785; baseline 0.001 -15"><span class='ocrx_word' id='word_1_37' title='bbox 445 736 606 779; x_wconf 61' lang='lat' dir='ltr'><strong>ventus,</strong></span> <span class='ocrx_word' id='word_1_38' title='bbox 623 728 812 770; x_wconf 76' lang='lat' dir='ltr'>radicitus</span> <span class='ocrx_word' id='word_1_39' title='bbox 840 728 1006 781; x_wconf 79' lang='lat' dir='ltr'><strong>evulsit,</strong></span> <span class='ocrx_word' id='word_1_40' title='bbox 1043 734 1113 769; x_wconf 92' lang='lat' dir='ltr'><strong>aut</strong></span> <span class='ocrx_word' id='word_1_41' title='bbox 1135 734 1339 770; x_wconf 88' lang='lat' dir='ltr'><strong>contortus</strong></span> <span class='ocrx_word' id='word_1_42' title='bbox 1358 729 1573 785; x_wconf 84' lang='lat' dir='ltr'><strong>repentino·</strong></span> <span class='ocrx_word' id='word_1_43' title='bbox 1587 730 1665 771; x_wconf 91' lang='lat' dir='ltr'><strong>im-</strong></span> 
     </span>
     <span class='ocr_line' id='line_1_7' title="bbox 443 803 1664 862; baseline -0.002 -14"><span class='ocrx_word' id='word_1_44' title='bbox 443 806 551 861; x_wconf 83' lang='lat' dir='ltr'><strong>petu‘</strong></span> <span class='ocrx_word' id='word_1_45' title='bbox 566 805 687 848; x_wconf 82' lang='lat' dir='ltr'><strong>turbo</strong></span> <span class='ocrx_word' id='word_1_46' title='bbox 706 804 921 862; x_wconf 75' lang='lat' dir='ltr'><strong>perfregit,</strong></span> <span class='ocrx_word' id='word_1_47' title='bbox 951 803 1129 846; x_wconf 87' lang='lat' dir='ltr'><strong>sobolem</strong></span> <span class='ocrx_word' id='word_1_48' title='bbox 1149 817 1197 845; x_wconf 87' lang='lat' dir='ltr'><strong>ex</strong></span> <span class='ocrx_word' id='word_1_49' title='bbox 1216 804 1294 847; x_wconf 92' lang='lat' dir='ltr'><strong>illis</strong></span> <span class='ocrx_word' id='word_1_50' title='bbox 1313 805 1511 847; x_wconf 81' lang='lat' dir='ltr'><strong>residuam</strong></span> <span class='ocrx_word' id='word_1_51' title='bbox 1534 804 1664 858; x_wconf 86' lang='lat' dir='ltr'><strong>fovet,</strong></span> 
     </span>
     <span class='ocr_line' id='line_1_8' title="bbox 442 880 1664 938; baseline 0 -16"><span class='ocrx_word' id='word_1_52' title='bbox 442 888 484 922; x_wconf 88' lang='lat' dir='ltr'><strong>et</strong></span> <span class='ocrx_word' id='word_1_53' title='bbox 520 882 754 924; x_wconf 86' lang='lat' dir='ltr'><strong>amissarum</strong></span> <span class='ocrx_word' id='word_1_54' title='bbox 788 881 937 923; x_wconf 88' lang='lat' dir='ltr'><strong>semina</strong></span> <span class='ocrx_word' id='word_1_55' title='bbox 972 880 1106 922; x_wconf 83' lang='lat' dir='ltr'><strong>statim</strong></span> <span class='ocrx_word' id='word_1_56' title='bbox 1139 880 1373 938; x_wconf 87' lang='lat' dir='ltr'><strong>plantasque</strong></span> <span class='ocrx_word' id='word_1_57' title='bbox 1400 880 1594 938; x_wconf 83' lang='lat' dir='ltr'><strong>disponit:</strong></span> <span class='ocrx_word' id='word_1_58' title='bbox 1622 887 1664 922; x_wconf 88' lang='lat' dir='ltr'><strong>et</strong></span> 
     </span>
     <span class='ocr_line' id='line_1_9' title="bbox 445 957 1666 1016; baseline 0 -18"><span class='ocrx_word' id='word_1_59' title='bbox 445 966 647 1001; x_wconf 88' lang='lat' dir='ltr'><strong>momento</strong></span> <span class='ocrx_word' id='word_1_60' title='bbox 671 958 799 1016; x_wconf 70' lang='lat' dir='ltr'><strong>(nam</strong></span> <span class='ocrx_word' id='word_1_61' title='bbox 835 965 882 999; x_wconf 89' lang='lat' dir='ltr'><strong>ut</strong></span> <span class='ocrx_word' id='word_1_62' title='bbox 916 957 958 997; x_wconf 89' lang='lat' dir='ltr'><strong>in</strong></span> <span class='ocrx_word' id='word_1_63' title='bbox 986 957 1152 1011; x_wconf 86' lang='lat' dir='ltr'><strong>damna,</strong></span> <span class='ocrx_word' id='word_1_64' title='bbox 1180 957 1234 998; x_wconf 85' lang='lat' dir='ltr'><strong>ita</strong></span> <span class='ocrx_word' id='word_1_65' title='bbox 1258 957 1310 998; x_wconf 91' lang='lat' dir='ltr'><strong>ad</strong></span> <span class='ocrx_word' id='word_1_66' title='bbox 1336 958 1575 998; x_wconf 82' lang='lat' dir='ltr'><strong>incrementa</strong></span> <span class='ocrx_word' id='word_1_67' title='bbox 1598 970 1666 998; x_wconf 87' lang='lat' dir='ltr'><strong>ra-</strong></span> 
     </span>
     <span class='ocr_line' id='line_1_10' title="bbox 445 1031 1664 1092; baseline -0.003 -15"><span class='ocrx_word' id='word_1_68' title='bbox 445 1034 589 1092; x_wconf 91' lang='lat' dir='ltr'><strong>pidum</strong></span> <span class='ocrx_word' id='word_1_69' title='bbox 625 1033 820 1089; x_wconf 87' lang='lat' dir='ltr'><strong>veloxque</strong></span> <span class='ocrx_word' id='word_1_70' title='bbox 853 1039 1012 1088; x_wconf 90' lang='lat' dir='ltr'><strong>tempus</strong></span> <span class='ocrx_word' id='word_1_71' title='bbox 1047 1031 1126 1090; x_wconf 84' lang='lat' dir='ltr'><strong>est)</strong></span> <span class='ocrx_word' id='word_1_72' title='bbox 1156 1031 1386 1074; x_wconf 88' lang='lat' dir='ltr'><strong>adolescunt</strong></span> <span class='ocrx_word' id='word_1_73' title='bbox 1412 1032 1560 1075; x_wconf 88' lang='lat' dir='ltr'><strong>amissis</strong></span> <span class='ocrx_word' id='word_1_74' title='bbox 1586 1031 1664 1073; x_wconf 88' lang='lat' dir='ltr'><strong>lae·</strong></span> 
     </span>
     <span class='ocr_line' id='line_1_11' title="bbox 445 1107 1664 1158; baseline -0.002 -8"><span class='ocrx_word' id='word_1_75' title='bbox 445 1111 557 1158; x_wconf 71' lang='lat' dir='ltr'><strong>tiora=</strong></span> <span class='ocrx_word' id='word_1_76' title='bbox 617 1108 659 1149; x_wconf 89' lang='grc'><strong>6.</strong></span> <span class='ocrx_word' id='word_1_77' title='bbox 705 1109 786 1149; x_wconf 88' lang='lat' dir='ltr'><strong>Has</strong></span> <span class='ocrx_word' id='word_1_78' title='bbox 820 1121 928 1148; x_wconf 87' lang='lat' dir='ltr'><strong>nunc</strong></span> <span class='ocrx_word' id='word_1_79' title='bbox 960 1107 1100 1147; x_wconf 89' lang='lat' dir='ltr'><strong>Metilii</strong></span> <span class='ocrx_word' id='word_1_80' title='bbox 1126 1107 1186 1147; x_wconf 90' lang='lat' dir='ltr'><strong>tui</strong></span> <span class='ocrx_word' id='word_1_81' title='bbox 1218 1107 1320 1148; x_wconf 86' lang='lat' dir='ltr'><strong>filias</strong></span> <span class='ocrx_word' id='word_1_82' title='bbox 1355 1108 1396 1147; x_wconf 94' lang='lat' dir='ltr'><strong>in</strong></span> <span class='ocrx_word' id='word_1_83' title='bbox 1425 1108 1509 1148; x_wconf 93' lang='lat' dir='ltr'><strong>eius</strong></span> <span class='ocrx_word' id='word_1_84' title='bbox 1538 1109 1664 1149; x_wconf 87' lang='lat' dir='ltr'><strong>vicem</strong></span> 
     </span>
     <span class='ocr_line' id='line_1_12' title="bbox 443 1180 1665 1237; baseline -0.002 -11"><span class='ocrx_word' id='word_1_85' title='bbox 443 1183 642 1226; x_wconf 86' lang='lat' dir='ltr'><strong>substitue</strong></span> <span class='ocrx_word' id='word_1_86' title='bbox 655 1214 667 1236; x_wconf 88' lang='lat'>‚</span> <span class='ocrx_word' id='word_1_87' title='bbox 697 1189 738 1223; x_wconf 88' lang='lat' dir='ltr'><strong>et</strong></span> <span class='ocrx_word' id='word_1_88' title='bbox 764 1188 970 1223; x_wconf 87' lang='lat' dir='ltr'><strong>vacantem</strong></span> <span class='ocrx_word' id='word_1_89' title='bbox 993 1180 1126 1223; x_wconf 88' lang='lat' dir='ltr'><strong>locum</strong></span> <span class='ocrx_word' id='word_1_90' title='bbox 1145 1180 1274 1237; x_wconf 84' lang='lat' dir='ltr'><strong>exple.</strong></span> <span class='ocrx_word' id='word_1_91' title='bbox 1331 1182 1467 1223; x_wconf 92' lang='lat' dir='ltr'><strong>Unum</strong></span> <span class='ocrx_word' id='word_1_92' title='bbox 1488 1181 1665 1224; x_wconf 85' lang='lat' dir='ltr'><strong>dolorem</strong></span> 
     </span>
     <span class='ocr_line' id='line_1_13' title="bbox 442 1256 1668 1315; baseline 0 -14"><span class='ocrx_word' id='word_1_93' title='bbox 442 1260 643 1315; x_wconf 84' lang='lat' dir='ltr'><strong>geminato</strong></span> <span class='ocrx_word' id='word_1_94' title='bbox 676 1258 815 1301; x_wconf 91' lang='lat' dir='ltr'><strong>solatio</strong></span> <span class='ocrx_word' id='word_1_95' title='bbox 851 1257 951 1298; x_wconf 88' lang='lat' dir='ltr'><strong>leva.</strong></span> <span class='ocrx_word' id='word_1_96' title='bbox 1013 1256 1122 1298; x_wconf 87' lang='lat' dir='ltr'><strong>Haec</strong></span> <span class='ocrx_word' id='word_1_97' title='bbox 1153 1256 1317 1313; x_wconf 90' lang='lat' dir='ltr'><strong>quidem</strong></span> <span class='ocrx_word' id='word_1_98' title='bbox 1347 1265 1488 1300; x_wconf 83' lang='lat' dir='ltr'><strong>natura</strong></span> <span class='ocrx_word' id='word_1_99' title='bbox 1517 1265 1668 1301; x_wconf 86' lang='lat' dir='ltr'><strong>morta-</strong></span> 
     </span>
     <span class='ocr_line' id='line_1_14' title="bbox 443 1332 1667 1391; baseline 0 -14"><span class='ocrx_word' id='word_1_100' title='bbox 443 1336 546 1378; x_wconf 90' lang='lat' dir='ltr'><strong>lium</strong></span> <span class='ocrx_word' id='word_1_101' title='bbox 581 1343 666 1388; x_wconf 86' lang='lat' dir='ltr'><strong>est‚</strong></span> <span class='ocrx_word' id='word_1_102' title='bbox 696 1342 743 1377; x_wconf 88' lang='lat' dir='ltr'><strong>ut</strong></span> <span class='ocrx_word' id='word_1_103' title='bbox 772 1333 872 1375; x_wconf 87' lang='lat' dir='ltr'><strong>nihil</strong></span> <span class='ocrx_word' id='word_1_104' title='bbox 900 1333 1023 1388; x_wconf 84' lang='lat' dir='ltr'><strong>magis</strong></span> <span class='ocrx_word' id='word_1_105' title='bbox 1048 1332 1226 1388; x_wconf 87' lang='lat' dir='ltr'><strong>placeat,</strong></span> <span class='ocrx_word' id='word_1_106' title='bbox 1263 1348 1385 1390; x_wconf 87' lang='lat' dir='ltr'><strong>quam</strong></span> <span class='ocrx_word' id='word_1_107' title='bbox 1412 1335 1521 1391; x_wconf 92' lang='lat' dir='ltr'><strong>quod</strong></span> <span class='ocrx_word' id='word_1_108' title='bbox 1546 1335 1667 1377; x_wconf 86' lang='lat' dir='ltr'><strong>amis-</strong></span> 
     </span>
     <span class='ocr_line' id='line_1_15' title="bbox 444 1408 1668 1467; baseline -0.001 -14"><span class='ocrx_word' id='word_1_109' title='bbox 444 1425 536 1453; x_wconf 91' lang='lat' dir='ltr'><strong>sum</strong></span> <span class='ocrx_word' id='word_1_110' title='bbox 563 1418 637 1452; x_wconf 67' lang='lat' dir='ltr'><strong>est.</strong></span> <span class='ocrx_word' id='word_1_111' title='bbox 697 1410 914 1465; x_wconf 88' lang='lat' dir='ltr'><strong>Iniquiores</strong></span> <span class='ocrx_word' id='word_1_112' title='bbox 945 1422 1084 1450; x_wconf 92' lang='lat' dir='ltr'><strong>sumus</strong></span> <span class='ocrx_word' id='word_1_113' title='bbox 1108 1408 1294 1451; x_wconf 83' lang='lat' dir='ltr'><strong>adversus</strong></span> <span class='ocrx_word' id='word_1_114' title='bbox 1321 1410 1479 1464; x_wconf 85' lang='lat' dir='ltr'><strong>relicta,</strong></span> <span class='ocrx_word' id='word_1_115' title='bbox 1508 1418 1668 1467; x_wconf 86' lang='lat' dir='ltr'><strong>erepto-</strong></span> 
     </span>
     <span class='ocr_line' id='line_1_16' title="bbox 443 1483 1670 1542; baseline 0.001 -15"><span class='ocrx_word' id='word_1_116' title='bbox 443 1499 536 1528; x_wconf 83' lang='lat' dir='ltr'><strong>rum</strong></span> <span class='ocrx_word' id='word_1_117' title='bbox 570 1485 785 1527; x_wconf 88' lang='lat' dir='ltr'><strong>desiderio:</strong></span> <span class='ocrx_word' id='word_1_118' title='bbox 814 1483 886 1527; x_wconf 87' lang='lat' dir='ltr'><strong>sed</strong></span> <span class='ocrx_word' id='word_1_119' title='bbox 920 1483 954 1526; x_wconf 91' lang='lat' dir='ltr'><strong>si</strong></span> <span class='ocrx_word' id='word_1_120' title='bbox 986 1483 1193 1526; x_wconf 87' lang='lat' dir='ltr'><strong>aestimare</strong></span> <span class='ocrx_word' id='word_1_121' title='bbox 1224 1484 1392 1528; x_wconf 87' lang='lat' dir='ltr'><strong>volueris</strong></span> <span class='ocrx_word' id='word_1_122' title='bbox 1405 1517 1417 1540; x_wconf 86' lang='lat'>‚</span> <span class='ocrx_word' id='word_1_123' title='bbox 1447 1500 1569 1542; x_wconf 91' lang='lat' dir='ltr'><strong>quam</strong></span> <span class='ocrx_word' id='word_1_124' title='bbox 1595 1486 1670 1528; x_wconf 89' lang='lat' dir='ltr'><strong>tibi</strong></span> 
     </span>
    </p>
   </div>
   <div class='ocr_carea' id='block_1_3' title="bbox 449 1614 1678 2524">
    <p class='ocr_par' dir='ltr' id='par_1_3' title="bbox 449 1614 1678 2524">
     <span class='ocr_line' id='line_1_17' title="bbox 498 1614 1671 1666; baseline 0.002 -12"><span class='ocrx_word' id='word_1_125' title='bbox 498 1619 548 1654; x_wconf 75' lang='lat' dir='ltr'><strong>In</strong></span> <span class='ocrx_word' id='word_1_126' title='bbox 577 1618 642 1653; x_wconf 81' lang='grc' dir='ltr'><em>Ιιοο</em></span> <span class='ocrx_word' id='word_1_127' title='bbox 671 1624 703 1653; x_wconf 79' lang='lat' dir='ltr'><strong>te</strong></span> <span class='ocrx_word' id='word_1_128' title='bbox 726 1617 907 1664; x_wconf 69' lang='lat' dir='ltr'><strong>perduxit.</strong></span> <span class='ocrx_word' id='word_1_129' title='bbox 937 1614 1042 1650; x_wconf 82' lang='lat' dir='ltr'><strong>»Vel-</strong></span> <span class='ocrx_word' id='word_1_130' title='bbox 1082 1615 1183 1651; x_wconf 85' lang='lat' dir='ltr'><strong>mula</strong></span> <span class='ocrx_word' id='word_1_131' title='bbox 1212 1618 1254 1651; x_wconf 81' lang='lat' dir='ltr'><strong>in</strong></span> <span class='ocrx_word' id='word_1_132' title='bbox 1287 1617 1351 1653; x_wconf 78' lang='grc' dir='ltr'><strong><em>Ιιοο</em></strong></span> <span class='ocrx_word' id='word_1_133' title='bbox 1383 1618 1457 1654; x_wconf 84' lang='lat' dir='ltr'><strong>vid.</strong></span> <span class='ocrx_word' id='word_1_134' title='bbox 1488 1619 1571 1666; x_wconf 82' lang='lat' dir='ltr'><strong>Cap.</strong></span> <span class='ocrx_word' id='word_1_135' title='bbox 1596 1619 1671 1656; x_wconf 84' lang='lat' dir='ltr'><strong>XV.</strong></span> 
     </span>
     <span class='ocr_line' id='line_1_18' title="bbox 450 1675 1169 1723; baseline -0.006 -10"><span class='ocrx_word' id='word_1_136' title='bbox 450 1679 564 1722; x_wconf 63' lang='lat' dir='ltr'><strong>Mem,</strong></span> <span class='ocrx_word' id='word_1_137' title='bbox 586 1678 638 1713; x_wconf 82' lang='lat' dir='ltr'><strong>ait</strong></span> <span class='ocrx_word' id='word_1_138' title='bbox 652 1677 810 1723; x_wconf 83' lang='lat' dir='ltr'><strong>Lipsius,</strong></span> <span class='ocrx_word' id='word_1_139' title='bbox 832 1677 873 1710; x_wconf 74' lang='lat' dir='ltr'><strong>in</strong></span> <span class='ocrx_word' id='word_1_140' title='bbox 890 1676 955 1710; x_wconf 74' lang='lat' dir='ltr'><strong>hoc</strong></span> <span class='ocrx_word' id='word_1_141' title='bbox 975 1675 1045 1710; x_wconf 79' lang='lat' dir='ltr'><strong>tihi</strong></span> <span class='ocrx_word' id='word_1_142' title='bbox 1083 1675 1109 1723; x_wconf 56' lang='grc' dir='ltr'><strong><em>ς</em></strong></span> <span class='ocrx_word' id='word_1_143' title='bbox 1136 1675 1169 1712; x_wconf 91' lang='lat'><strong>1.</strong></span> 
     </span>
     <span class='ocr_line' id='line_1_19' title="bbox 452 1736 1674 1788; baseline 0.003 -14"><span class='ocrx_word' id='word_1_144' title='bbox 452 1739 660 1788; x_wconf 58' lang='lat' dir='ltr'><strong>»prodas-it,</strong></span> <span class='ocrx_word' id='word_1_145' title='bbox 690 1742 753 1773; x_wconf 91' lang='lat' dir='ltr'><strong>aut</strong></span> <span class='ocrx_word' id='word_1_146' title='bbox 773 1738 815 1771; x_wconf 79' lang='lat' dir='ltr'><strong>in</strong></span> <span class='ocrx_word' id='word_1_147' title='bbox 837 1736 940 1772; x_wconf 79' lang='lat' dir='ltr'><strong>hocce</strong></span> <span class='ocrx_word' id='word_1_148' title='bbox 961 1748 1044 1784; x_wconf 86' lang='lat' dir='ltr'><strong>pro·</strong></span> <span class='ocrx_word' id='word_1_149' title='bbox 1131 1737 1313 1786; x_wconf 74' lang='lat' dir='ltr'><strong>Disponit.</strong></span> <span class='ocrx_word' id='word_1_150' title='bbox 1339 1739 1535 1777; x_wconf 83' lang='lat' dir='ltr'><strong>Markland.</strong></span> <span class='ocrx_word' id='word_1_151' title='bbox 1552 1741 1598 1777; x_wconf 84' lang='lat' dir='ltr'><strong>ad</strong></span> <span class='ocrx_word' id='word_1_152' title='bbox 1612 1741 1674 1778; x_wconf 85' lang='lat' dir='ltr'><strong>Pa-</strong></span> 
     </span>
     <span class='ocr_line' id='line_1_20' title="bbox 450 1798 1674 1848; baseline 0.002 -12"><span class='ocrx_word' id='word_1_153' title='bbox 450 1802 614 1836; x_wconf 51' lang='lat' dir='ltr'><strong>„duxit”</strong></span> <span class='ocrx_word' id='word_1_154' title='bbox 657 1799 892 1834; x_wconf 68' lang='lat' dir='ltr'><strong>Posterior-em</strong></span> <span class='ocrx_word' id='word_1_155' title='bbox 925 1810 1044 1833; x_wconf 91' lang='lat' dir='ltr'><strong>emen·</strong></span> <span class='ocrx_word' id='word_1_156' title='bbox 1082 1798 1224 1844; x_wconf 90' lang='lat' dir='ltr'><strong>pinium</strong></span> <span class='ocrx_word' id='word_1_157' title='bbox 1242 1800 1392 1835; x_wconf 82' lang='lat' dir='ltr'><strong>Statium</strong></span> <span class='ocrx_word' id='word_1_158' title='bbox 1415 1813 1495 1848; x_wconf 77' lang='lat' dir='ltr'><strong>pag.</strong></span> <span class='ocrx_word' id='word_1_159' title='bbox 1512 1802 1581 1839; x_wconf 89' lang='grc'><strong>100</strong></span> <span class='ocrx_word' id='word_1_160' title='bbox 1601 1815 1674 1839; x_wconf 88' lang='lat' dir='ltr'><strong>ma-</strong></span> 
     </span>
     <span class='ocr_line' id='line_1_21' title="bbox 450 1859 1674 1910; baseline 0.001 -12"><span class='ocrx_word' id='word_1_161' title='bbox 450 1862 632 1898; x_wconf 84' lang='lat' dir='ltr'><strong>dationem</strong></span> <span class='ocrx_word' id='word_1_162' title='bbox 662 1860 770 1896; x_wconf 86' lang='lat' dir='ltr'><strong>unice</strong></span> <span class='ocrx_word' id='word_1_163' title='bbox 797 1859 1045 1906; x_wconf 82' lang='lat' dir='ltr'><strong>recipiendam</strong></span> <span class='ocrx_word' id='word_1_164' title='bbox 1085 1860 1164 1895; x_wconf 86' lang='lat' dir='ltr'><strong>vult</strong></span> <span class='ocrx_word' id='word_1_165' title='bbox 1193 1861 1335 1908; x_wconf 71' lang='lat' dir='ltr'><strong>deponit</strong></span> <span class='ocrx_word' id='word_1_166' title='bbox 1365 1872 1450 1897; x_wconf 87' lang='lat' dir='ltr'><strong>eum</strong></span> <span class='ocrx_word' id='word_1_167' title='bbox 1472 1862 1518 1898; x_wconf 89' lang='lat' dir='ltr'><strong>de</strong></span> <span class='ocrx_word' id='word_1_168' title='bbox 1539 1864 1674 1910; x_wconf 83' lang='lat' dir='ltr'><strong>planta-</strong></span> 
     </span>
     <span class='ocr_line' id='line_1_22' title="bbox 449 1920 1674 1973; baseline 0.001 -14"><span class='ocrx_word' id='word_1_169' title='bbox 449 1928 555 1970; x_wconf 87' lang='lat' dir='ltr'><strong>puto,</strong></span> <span class='ocrx_word' id='word_1_170' title='bbox 580 1934 695 1969; x_wconf 84' lang='lat' dir='ltr'><strong>quum</strong></span> <span class='ocrx_word' id='word_1_171' title='bbox 724 1933 746 1956; x_wconf 85' lang='lat' dir='ltr'><strong>a</strong></span> <span class='ocrx_word' id='word_1_172' title='bbox 773 1921 918 1966; x_wconf 80' lang='lat' dir='ltr'><strong>vulgata</strong></span> <span class='ocrx_word' id='word_1_173' title='bbox 939 1920 1044 1955; x_wconf 91' lang='lat' dir='ltr'><strong>mini·</strong></span> <span class='ocrx_word' id='word_1_174' title='bbox 1085 1921 1183 1956; x_wconf 86' lang='lat' dir='ltr'><strong>tione</strong></span> <span class='ocrx_word' id='word_1_175' title='bbox 1193 1934 1266 1957; x_wconf 91' lang='lat' dir='ltr'><strong>non</strong></span> <span class='ocrx_word' id='word_1_176' title='bbox 1279 1922 1503 1959; x_wconf 85' lang='lat' dir='ltr'><strong>ordinatione</strong></span> <span class='ocrx_word' id='word_1_177' title='bbox 1514 1929 1550 1959; x_wconf 88' lang='lat' dir='ltr'><strong>et</strong></span> <span class='ocrx_word' id='word_1_178' title='bbox 1559 1925 1674 1973; x_wconf 86' lang='lat' dir='ltr'><strong>dispo-</strong></span> 
     </span>
     <span class='ocr_line' id='line_1_23' title="bbox 453 1981 1676 2031; baseline 0.002 -11"><span class='ocrx_word' id='word_1_179' title='bbox 453 1997 512 2020; x_wconf 90' lang='lat' dir='ltr'><strong>me</strong></span> <span class='ocrx_word' id='word_1_180' title='bbox 530 1983 690 2028; x_wconf 83' lang='lat' dir='ltr'><strong>recedat,</strong></span> <span class='ocrx_word' id='word_1_181' title='bbox 713 1987 750 2018; x_wconf 87' lang='lat' dir='ltr'><strong>et</strong></span> <span class='ocrx_word' id='word_1_182' title='bbox 769 1981 1046 2018; x_wconf 86' lang='lat' dir='ltr'><strong>convenientem</strong></span> <span class='ocrx_word' id='word_1_183' title='bbox 1084 1982 1211 2018; x_wconf 74' lang='lat' dir='ltr'><strong>sitione</strong></span> <span class='ocrx_word' id='word_1_184' title='bbox 1235 1995 1280 2019; x_wconf 84' lang='lat' dir='ltr'><strong>ex</strong></span> <span class='ocrx_word' id='word_1_185' title='bbox 1309 1996 1413 2019; x_wconf 79' lang='lat' dir='ltr'><strong>sensu</strong></span> <span class='ocrx_word' id='word_1_186' title='bbox 1432 1984 1570 2031; x_wconf 82' lang='lat' dir='ltr'><strong>liqueat</strong></span> <span class='ocrx_word' id='word_1_187' title='bbox 1590 1998 1676 2022; x_wconf 88' lang='lat' dir='ltr'><strong>eum</strong></span> 
     </span>
     <span class='ocr_line' id='line_1_24' title="bbox 451 2043 1677 2091; baseline 0 -9"><span class='ocrx_word' id='word_1_188' title='bbox 451 2046 665 2082; x_wconf 78' lang='lat' dir='ltr'><strong>sententiam</strong></span> <span class='ocrx_word' id='word_1_189' title='bbox 686 2043 875 2088; x_wconf 82' lang='lat' dir='ltr'><strong>exhibeat,</strong></span> <span class='ocrx_word' id='word_1_190' title='bbox 898 2056 1007 2091; x_wconf 89' lang='lat' dir='ltr'><strong>quam</strong></span> <span class='ocrx_word' id='word_1_191' title='bbox 1024 2056 1046 2079; x_wconf 91' lang='lat' dir='ltr'><strong>e</strong></span> <span class='ocrx_word' id='word_1_192' title='bbox 1085 2055 1202 2091; x_wconf 78' lang='lat' dir='ltr'><strong>agere.</strong></span> <span class='ocrx_word' id='word_1_193' title='bbox 1251 2044 1395 2081; x_wconf 81' lang='lat' dir='ltr'><strong>Confert</strong></span> <span class='ocrx_word' id='word_1_194' title='bbox 1421 2046 1485 2081; x_wconf 90' lang='lat' dir='ltr'><strong>ille</strong></span> <span class='ocrx_word' id='word_1_195' title='bbox 1507 2046 1677 2083; x_wconf 86' lang='lat' dir='ltr'><strong>Gronovii</strong></span> 
     </span>
     <span class='ocr_line' id='line_1_25' title="bbox 454 2105 1676 2151; baseline 0.002 -10"><span class='ocrx_word' id='word_1_196' title='bbox 454 2107 592 2151; x_wconf 80' lang='lat' dir='ltr'><strong>verbis,</strong></span> <span class='ocrx_word' id='word_1_197' title='bbox 623 2111 666 2141; x_wconf 88' lang='lat' dir='ltr'><strong>ut</strong></span> <span class='ocrx_word' id='word_1_198' title='bbox 686 2116 786 2140; x_wconf 84' lang='lat' dir='ltr'><strong>nune</strong></span> <span class='ocrx_word' id='word_1_199' title='bbox 805 2105 956 2151; x_wconf 79' lang='lat' dir='ltr'><strong>legitur,</strong></span> <span class='ocrx_word' id='word_1_200' title='bbox 982 2105 1045 2140; x_wconf 90' lang='lat' dir='ltr'><strong>eli·</strong></span> <span class='ocrx_word' id='word_1_201' title='bbox 1085 2110 1207 2140; x_wconf 84' lang='lat' dir='ltr'><strong>notam</strong></span> <span class='ocrx_word' id='word_1_202' title='bbox 1238 2105 1285 2141; x_wconf 86' lang='lat' dir='ltr'><strong>ad</strong></span> <span class='ocrx_word' id='word_1_203' title='bbox 1312 2106 1433 2142; x_wconf 77' lang='lat' dir='ltr'><strong>locum</strong></span> <span class='ocrx_word' id='word_1_204' title='bbox 1458 2107 1612 2145; x_wconf 80' lang='lat' dir='ltr'><strong>Senecae</strong></span> <span class='ocrx_word' id='word_1_205' title='bbox 1632 2110 1676 2145; x_wconf 83' lang='lat' dir='ltr'><strong>si-</strong></span> 
     </span>
     <span class='ocr_line' id='line_1_26' title="bbox 455 2166 1676 2215; baseline 0.003 -12"><span class='ocrx_word' id='word_1_206' title='bbox 455 2179 540 2203; x_wconf 87' lang='lat' dir='ltr'><strong>eere</strong></span> <span class='ocrx_word' id='word_1_207' title='bbox 555 2177 784 2214; x_wconf 84' lang='lat' dir='ltr'><strong>nequaquam</strong></span> <span class='ocrx_word' id='word_1_208' title='bbox 801 2177 953 2212; x_wconf 79' lang='lat' dir='ltr'><strong>possum.</strong></span> <span class='ocrx_word' id='word_1_209' title='bbox 978 2166 1046 2202; x_wconf 82' lang='lat' dir='ltr'><strong>lta·</strong></span> <span class='ocrx_word' id='word_1_210' title='bbox 1087 2167 1212 2202; x_wconf 89' lang='lat' dir='ltr'><strong>milem</strong></span> <span class='ocrx_word' id='word_1_211' title='bbox 1232 2168 1294 2215; x_wconf 89' lang='lat' dir='ltr'><strong>Ep.</strong></span> <span class='ocrx_word' id='word_1_212' title='bbox 1306 2168 1488 2205; x_wconf 83' lang='lat' dir='ltr'><strong>Lxxxvl.</strong></span> <span class='ocrx_word' id='word_1_213' title='bbox 1514 2169 1574 2204; x_wconf 86' lang='lat' dir='ltr'><strong>His</strong></span> <span class='ocrx_word' id='word_1_214' title='bbox 1589 2170 1676 2207; x_wconf 91' lang='lat' dir='ltr'><strong>duo-</strong></span> 
     </span>
     <span class='ocr_line' id='line_1_27' title="bbox 458 2228 1677 2276; baseline 0.003 -12"><span class='ocrx_word' id='word_1_215' title='bbox 458 2241 531 2276; x_wconf 83' lang='lat' dir='ltr'><strong>que</strong></span> <span class='ocrx_word' id='word_1_216' title='bbox 561 2241 627 2276; x_wconf 87' lang='lat' dir='ltr'><strong>pro</strong></span> <span class='ocrx_word' id='word_1_217' title='bbox 656 2229 698 2263; x_wconf 80' lang='lat' dir='ltr'><strong>in</strong></span> <span class='ocrx_word' id='word_1_218' title='bbox 729 2228 792 2263; x_wconf 79' lang='lat' dir='ltr'><strong>hoc</strong></span> <span class='ocrx_word' id='word_1_219' title='bbox 825 2234 857 2262; x_wconf 77' lang='lat' dir='ltr'><strong>te</strong></span> <span class='ocrx_word' id='word_1_220' title='bbox 884 2228 1049 2274; x_wconf 72' lang='lat' dir='ltr'><strong>perduxit</strong></span> <span class='ocrx_word' id='word_1_221' title='bbox 1088 2241 1170 2264; x_wconf 86' lang='lat' dir='ltr'><strong>rum</strong></span> <span class='ocrx_word' id='word_1_222' title='bbox 1200 2230 1487 2275; x_wconf 80' lang='lat' dir='ltr'><strong>gravissimorum</strong></span> <span class='ocrx_word' id='word_1_223' title='bbox 1516 2231 1677 2269; x_wconf 78' lang='lat' dir='ltr'><strong>virorum</strong></span> 
     </span>
     <span class='ocr_line' id='line_1_28' title="bbox 457 2289 1678 2342; baseline 0.004 -16"><span class='ocrx_word' id='word_1_224' title='bbox 457 2290 654 2337; x_wconf 81' lang='lat' dir='ltr'><strong>legendum</strong></span> <span class='ocrx_word' id='word_1_225' title='bbox 684 2294 774 2337; x_wconf 86' lang='lat' dir='ltr'><strong>puto</strong></span> <span class='ocrx_word' id='word_1_226' title='bbox 812 2301 897 2325; x_wconf 89' lang='lat' dir='ltr'><strong>eum</strong></span> <span class='ocrx_word' id='word_1_227' title='bbox 932 2289 1049 2337; x_wconf 89' lang='lat' dir='ltr'><strong>Lipsio</strong></span> <span class='ocrx_word' id='word_1_228' title='bbox 1087 2291 1286 2328; x_wconf 84' lang='lat' dir='ltr'><strong>rationibus</strong></span> <span class='ocrx_word' id='word_1_229' title='bbox 1317 2292 1408 2340; x_wconf 88' lang='lat' dir='ltr'><strong>quid</strong></span> <span class='ocrx_word' id='word_1_230' title='bbox 1439 2292 1549 2339; x_wconf 80' lang='lat' dir='ltr'><strong>objici</strong></span> <span class='ocrx_word' id='word_1_231' title='bbox 1569 2301 1678 2342; x_wconf 84' lang='lat' dir='ltr'><strong>queat</strong></span> 
     </span>
     <span class='ocr_line' id='line_1_29' title="bbox 456 2351 1678 2404; baseline 0.004 -16"><span class='ocrx_word' id='word_1_232' title='bbox 456 2354 500 2388; x_wconf 77' lang='lat' dir='ltr'><strong>in</strong></span> <span class='ocrx_word' id='word_1_233' title='bbox 529 2353 631 2388; x_wconf 77' lang='lat' dir='ltr'><strong>hocce</strong></span> <span class='ocrx_word' id='word_1_234' title='bbox 657 2352 829 2399; x_wconf 69' lang='lat' dir='ltr'><strong>produxit</strong></span> <span class='ocrx_word' id='word_1_235' title='bbox 856 2351 881 2387; x_wconf 91' lang='lat' dir='ltr'><strong>i.</strong></span> <span class='ocrx_word' id='word_1_236' title='bbox 904 2363 936 2386; x_wconf 88' lang='lat' dir='ltr'><strong>e.</strong></span> <span class='ocrx_word' id='word_1_237' title='bbox 961 2364 1048 2399; x_wconf 80' lang='lat' dir='ltr'><strong>quas</strong></span> <span class='ocrx_word' id='word_1_238' title='bbox 1087 2365 1160 2389; x_wconf 88' lang='lat' dir='ltr'><strong>non</strong></span> <span class='ocrx_word' id='word_1_239' title='bbox 1191 2353 1313 2400; x_wconf 76' lang='lat' dir='ltr'><strong>vide-03</strong></span> <span class='ocrx_word' id='word_1_240' title='bbox 1339 2354 1461 2400; x_wconf 84' lang='lat' dir='ltr'><strong>itaque</strong></span> <span class='ocrx_word' id='word_1_241' title='bbox 1484 2357 1678 2404; x_wconf 79' lang='lat' dir='ltr'><strong>amplector</strong></span> 
     </span>
     <span class='ocr_line' id='line_1_30' title="bbox 455 2412 1678 2467; baseline 0.003 -16"><span class='ocrx_word' id='word_1_242' title='bbox 455 2415 546 2451; x_wconf 84' lang='lat' dir='ltr'><strong>filias</strong></span> <span class='ocrx_word' id='word_1_243' title='bbox 585 2424 671 2449; x_wconf 90' lang='lat' dir='ltr'><strong>eum</strong></span> <span class='ocrx_word' id='word_1_244' title='bbox 703 2413 742 2448; x_wconf 88' lang='lat' dir='ltr'><strong>in</strong></span> <span class='ocrx_word' id='word_1_245' title='bbox 777 2412 887 2448; x_wconf 87' lang='lat' dir='ltr'><strong>finem</strong></span> <span class='ocrx_word' id='word_1_246' title='bbox 918 2414 1048 2459; x_wconf 88' lang='lat' dir='ltr'><strong>produ·</strong></span> <span class='ocrx_word' id='word_1_247' title='bbox 1087 2415 1375 2451; x_wconf 87' lang='lat' dir='ltr'><strong>emendationem</strong></span> <span class='ocrx_word' id='word_1_248' title='bbox 1406 2420 1448 2450; x_wconf 87' lang='lat' dir='ltr'><strong>ut</strong></span> <span class='ocrx_word' id='word_1_249' title='bbox 1471 2428 1537 2463; x_wconf 89' lang='lat' dir='ltr'><strong>pro</strong></span> <span class='ocrx_word' id='word_1_250' title='bbox 1556 2418 1678 2467; x_wconf 69' lang='lat' dir='ltr'><strong>diepo-</strong></span> 
     </span>
     <span class='ocr_line' id='line_1_31' title="bbox 452 2474 1474 2524; baseline 0.001 -11"><span class='ocrx_word' id='word_1_251' title='bbox 452 2477 505 2513; x_wconf 84' lang='lat' dir='ltr'><strong>xit</strong></span> <span class='ocrx_word' id='word_1_252' title='bbox 526 2477 690 2519; x_wconf 85' lang='lat' dir='ltr'><strong>fortuna,</strong></span> <span class='ocrx_word' id='word_1_253' title='bbox 722 2479 764 2511; x_wconf 88' lang='lat' dir='ltr'><strong>ut</strong></span> <span class='ocrx_word' id='word_1_254' title='bbox 784 2486 861 2521; x_wconf 81' lang='lat' dir='ltr'><strong>sqq.</strong></span> <span class='ocrx_word' id='word_1_255' title='bbox 897 2474 948 2511; x_wconf 89' lang='lat' dir='ltr'><strong>De</strong></span> <span class='ocrx_word' id='word_1_256' title='bbox 978 2476 1046 2513; x_wconf 85' lang='lat' dir='ltr'><strong>for-</strong></span> <span class='ocrx_word' id='word_1_257' title='bbox 1086 2479 1142 2513; x_wconf 74' lang='lat' dir='ltr'><strong>nie</strong></span> <span class='ocrx_word' id='word_1_258' title='bbox 1161 2477 1303 2524; x_wconf 78' lang='lat' dir='ltr'><strong>legatur</strong></span> <span class='ocrx_word' id='word_1_259' title='bbox 1323 2476 1474 2523; x_wconf 79' lang='lat' dir='ltr'><strong>deponit.</strong></span> 
     </span>
    </p>
   </div>
  </div>
 </body>
</html>
