1848 3122
781 305 838 345 85

200 433 316 475 valde
336 432 514 500 fortuna,
539 433 663 474 etiam
678 448 805 489 quum
819 435 1018 488 saevierit,
1043 436 1287 492 pepercerit,
1311 438 1408 477 seiae

199 516 241 550 te
271 506 418 549 habere
448 507 542 565 plus
575 523 697 566 quam
727 509 875 553 solatia.
935 511 1101 568 Respice
1130 518 1191 554 tot
1216 517 1383 569 nepotes
1396 542 1409 565 ,

198 583 298 625 duas
325 582 439 626 filias.

256 659 374 702 XVII.
418 661 491 703 Die
522 660 625 703 illud
656 676 843 719 quoque,
871 661 1036 705 Mareia:
1080 663 1289 706 »Movet-et
1317 675 1383 704 me
1396 693 1410 716 ,

200 735 263 778 »si
284 744 387 779 esset
413 737 557 794 cuique
580 752 653 794 pro
675 739 850 781 moribus
870 738 1046 792 fortuna,
1077 753 1283 795 nunquam
1304 738 1409 779 mala

202 812 355 853 »bonos
379 820 656 867 sequerentur:
685 829 793 856 nunc
811 816 947 868 video,
977 823 1133 857 exemto
1159 815 1409 867 discrimine,

202 893 273 929 »et
308 886 449 928 eodem
481 887 623 943 modo,
661 889 785 932 malos
822 889 1028 945 bonosque
1067 889 1213 930 iactari.
1285 889 1413 930 Grave

203 969 293 1004 »est
318 970 472 1016 tamen,
510 979 631 1019 quem
665 965 893 1007 educaveris
926 966 1132 1018 iuvenem,
1169 965 1248 1004 iam
1272 964 1414 1016 matri,

202 1038 311 1080 »iam
334 1040 441 1095 patri
460 1040 701 1096 praesidium
722 1055 772 1083 ae
794 1041 940 1095 decus,
970 1040 1195 1082 amittere.’'
1232 1039 1330 1092 Quis
1349 1052 1416 1080 ne-

198 1121 267 1168 gat
288 1127 403 1168 grave
426 1113 543 1156 esse?
570 1103 641 1156 sed
663 1116 882 1158 humanum
904 1123 978 1158 est.
1038 1115 1102 1157 Ad
1123 1116 1200 1156 hoe
1223 1116 1355 1170 genita
1372 1128 1414 1156 es

199 1197 245 1231 ut
266 1190 491 1246 perderes,
506 1198 553 1233 ut
573 1191 744 1247 perires,
773 1198 821 1234 ut
843 1205 1041 1249 sperares,
1070 1198 1290 1244 metueres,
1318 1189 1414 1231 alios

199 1273 320 1322 teque
342 1267 602 1323 inquietares‚
631 1275 801 1310 mortem
823 1275 865 1310 et
892 1268 1050 1309 timerffi
1074 1275 1116 1309 et
1140 1275 1321 1324 ommes,
1350 1273 1414 1319 et,

198 1341 309 1397 quod
340 1349 400 1385 est
425 1343 663 1400 pessimum,
691 1358 896 1400 nunquam
918 1344 1037 1386 scires
1059 1343 1173 1385 cuius
1199 1356 1303 1385 esses
1331 1348 1414 1384 sta-

248 1510 333 1545 Jam
354 1512 477 1556 matri,
490 1513 573 1559 jam
583 1512 694 1558 patri.
718 1511 786 1546 Sed
825 1510 883 1545 lbi
911 1510 1006 1545 conf.
1029 1509 1085 1545 vir
1109 1509 1161 1544 Cl.
1185 1508 1325 1545 Peerlk.
1346 1508 1416 1544 do-

200 1570 353 1606 Metilius
356 1572 518 1618 pupillus
538 1572 680 1607 relictus
698 1579 787 1616 erat,
826 1582 909 1605 eens
934 1571 1024 1605 haee
1046 1570 1120 1605 duo
1140 1570 1340 1616 saepissime
1360 1573 1417 1604 at·-

201 1639 236 1667 et
255 1633 319 1667 suh
339 1639 491 1667 tutorum
512 1645 597 1667 cura
616 1645 724 1679 usque
744 1632 791 1667 ad
829 1644 918 1678 que·
932 1632 1113 1678 eleganter
1138 1630 1324 1677 conjungi.
1359 1630 1418 1665 sio

201 1694 372 1729 decimu-m
390 1701 553 1740 quartum
569 1705 702 1728 annum
707 1695 792 1741 fuit
829 1705 976 1740 quoque
995 1697 1114 1729 noster
1134 1692 1182 1727 de
1203 1691 1323 1727 Benef.
1343 1692 1419 1737 111,

200 1754 299 1804 (Cap.
320 1754 438 1789 XXIV.
459 1754 486 1802 §¹
506 1753 553 1802 1).
578 1754 669 1800 Ergo
689 1760 790 1801 pater

197 1816 275 1862 jam
315 1815 456 1850 dudum
496 1827 595 1850 nune
628 1820 791 1851 mortuus

201 1880 290 1912 erat.
320 1876 399 1911 Non
417 1880 537 1911 autem
556 1875 700 1911 credam
715 1880 790 1912 tam

202 1937 415 1973 obliviosum
428 1936 535 1972 fuisse
550 1937 738 1982 Senecam,
755 1942 790 1973 et

202 2012 250 2035 ne
269 2000 319 2035 sie
338 1998 488 2046 quidem
504 2003 655 2034 matrem
672 1999 790 2046 primo

201 2062 283 2097 loeo
299 2061 560 2108 appellaturum
574 2060 692 2097 fuisse.
710 2061 790 2097 For*

203 2127 291 2158 tasse
318 2121 547 2157 scribendum
573 2124 656 2171 jam
686 2124 792 2158 matri

196 2192 365 2233 paratum
380 2184 600 2232 praesidium
622 2197 699 2232 sqq.

253 2247 479 2283 Praesidium
492 2259 533 2282 ac
550 2246 665 2282 decu-8.
690 2247 791 2282 Simi-

203 2309 288 2344 liter
309 2310 471 2345 Horatius
489 2309 601 2345 Carm.
620 2309 649 2345 Ι.
669 2309 747 2346 Lib.
761 2311 790 2345 Ι.

206 2370 390 2406 Maecenas
405 2372 521 2407 atavis
533 2371 621 2406 edite
634 2372 773 2419 reqibus
780 2400 791 2417 ,

207 2436 237 2467 0
255 2442 289 2466 et
308 2438 511 2476 praesidium
529 2444 561 2469 et
584 2437 677 2469 dulce
695 2438 792 2470 decus

337 2496 461 2524 meum!

828 1754 984 1790 XXXIII.
1001 1753 1028 1802 §
1044 1754 1080 1790 3.
1107 1755 1181 1801 ipsi
1198 1754 1281 1789 urbi
1299 1754 1419 1789 nescio

828 1823 945 1851 utrum
964 1817 1079 1863 παφα·
1090 1815 1312 1862 praesidium
1333 1813 1416 1862 affe-

827 1888 922 1921 rem,
947 1888 995 1910 an
1018 1875 1145 1911 decus?

881 1938 925 1973 Ut
935 1937 1095 1985 perderes
1102 1963 1113 1981 ‚
1135 1938 1328 1984 utperirec.
1351 1936 1417 1972 Ho-

829 2011 911 2034 rum
948 1998 1141 2034 verborum
1177 1997 1419 2034 similitudine

828 2061 970 2107 gavisus
996 2061 1139 2096 videtur
1160 2061 1305 2096 Seneca.
1353 2059 1418 2106 Ep.

828 2122 981 2158 XCVIII.
1014 2122 1039 2171 §⁸
1071 2122 1126 2158 10.
1167 2123 1253 2157 Tam
1283 2134 1420 2157 neeesse

829 2191 881 2219 est
893 2186 1010 2232 perire
1031 2197 1137 2231 quam
1156 2177 1310 2232 perdere.
1342 2183 1420 2218 Nat.

831 2246 872 2289 Q.
907 2245 965 2282 VI.
1000 2245 1082 2292 Cap.
1115 2246 1162 2281 Il.
1197 2245 1223 2293 §
1254 2245 1286 2281 1.
1323 2245 1421 2293 Nego

830 2308 1024 2357 quidquam
1051 2320 1122 2342 esse
1150 2308 1281 2354 quietis
1311 2314 1421 2343 aeter·-

832 2381 920 2414 nae,
954 2370 1046 2417 quod
1074 2371 1192 2417 perire
1219 2369 1354 2418 possit,
1389 2373 1422 2401 et

833 2432 987 2477 perdere.
