1848 3122
1002 292 1056 335 74

408 423 571 466 crimen
594 432 701 478 erat,
739 424 847 481 Sylla
884 433 966 468 tam
1000 425 1106 469 felix.
1165 428 1247 472 Sed
1280 430 1391 474 istud
1427 430 1531 475 inter
1559 443 1631 475 ,τω

406 501 586 544 nondum
608 501 801 543 iudicatas
812 502 1040 557 habeatur,
1061 505 1192 561 qualis
1209 506 1327 563 :Sylla
1340 507 1489 550 fuerit:
1512 509 1631 552 etiam

405 577 553 636 inimici
584 575 841 633 fatebuntur,
880 579 984 622 bene
1007 580 1123 623 illum
1149 595 1260 622 arma
1291 584 1500 638 sumsisse,
1529 584 1632 627 bene

402 651 598 707 posuisse:
621 646 739 706 boc,
776 653 830 695 de
864 669 947 711 quo
983 657 1136 712 agitur,
1177 656 1401 711 constabit,
1441 672 1523 701 non
1545 673 1632 704 aese

402 727 621 771 maximum
638 728 812 784 malum,
831 731 945 787 quod
962 731 1082 773 etiam
1102 730 1154 773 ad
1171 730 1417 776 felicissimos
1435 736 1629 790 pervenit.

449 882 523 924 Se'd
531 888 796 926 imdinterres
810 890 997 938 ...suen-it.
1035 891 1102 938 qui
1129 902 1244 939 nequo
1262 891 1311 930 ad
1320 892 1436 940 finem
1460 892 1634 931 victoriae

400 948 568 998 Ruhkop.
580 955 726 988 annotat
743 951 997 988 »mirationem
1035 953 1125 989 satie
1153 953 1313 1000 laudari,
1344 966 1458 1002 neque
1475 961 1555 1002 poet
1577 956 1632 991 vi·

400 1011 546 1049 »facere
574 1024 697 1061 posse,
736 1014 819 1061 plus
849 1018 998 1050 centum
1035 1016 1185 1051 otoriam
1239 1016 1376 1052 abunde
1433 1016 1633 1065 vicuperari

399 1075 528 1109 »annis
557 1080 636 1121 post
668 1075 800 1122 Syllam
831 1080 994 1121 praeter·
1026 1084 1154 1123 potest.
1180 1077 1345 1121 Quocum
1364 1077 1543 1113 consentit
1560 1077 1631 1115 Va-

397 1135 528 1183 »lapsis
534 1163 545 1180 ‚
581 1135 743 1171 necdum
773 1136 870 1171 inter
899 1137 994 1172 viros
1031 1136 1100 1173 ler.
1122 1137 1164 1182 9,
1183 1137 1229 1182 2,
1255 1137 1296 1182 1,
1328 1142 1370 1172 ut
1390 1143 1514 1177 monet
1536 1137 1631 1175 Boe-

395 1197 544 1233 »doctos
557 1197 763 1240 convenisse
781 1196 828 1233 de
842 1196 922 1243 ejus
937 1197 992 1232 in-

395 1259 549 1306 »ffeniffi
572 1259 734 1295 moribus
760 1263 798 1294 et
820 1258 990 1295 consiliis.

395 1322 588 1369 »Spectare
605 1326 727 1357 autem
742 1321 814 1357 hoc
829 1320 991 1366 videtur,

395 1383 472 1418 »ait
498 1383 584 1428 ille,
620 1387 657 1418 et
687 1382 735 1418 ad
759 1382 990 1426 firmitatem,

394 1444 511 1492 »quin
537 1443 809 1489 crudelitatem,
834 1455 876 1479 ac
896 1442 991 1479 mol-

393 1506 535 1543 »litiem
566 1507 728 1555 ingenii,
759 1511 797 1543 et
816 1505 864 1542 ad
884 1504 990 1542 abdi-

393 1570 596 1606 »cationem
632 1570 856 1614 dictaturae,
890 1568 990 1604 unde

394 1632 604 1667 »diversitas
643 1631 870 1678 judiciorum
913 1634 992 1665 orta

393 1693 500 1728 »sit.’'
523 1692 598 1739 Ego
613 1692 718 1727 aliter
735 1689 991 1737 explicandum

1029 1198 1151 1234 clerus
1184 1198 1232 1235 ad
1260 1198 1391 1245 Velleji
1418 1199 1559 1245 locum,
1582 1200 1629 1238 L.

1031 1260 1155 1307 Sylla,
1193 1273 1296 1308 quem
1320 1273 1432 1308 neque
1465 1261 1630 1307 laudam,

1029 1334 1140 1370 neque
1158 1323 1357 1370 vituperare
1370 1324 1559 1371 quisquam
1571 1336 1627 1359 aa·

1030 1384 1078 1419 tis
1110 1384 1217 1432 digne
1245 1375 1385 1432 potest.-
1421 1386 1509 1432 quia
1542 1385 1627 1420 dum

1029 1446 1169 1492 quaerit
1196 1446 1386 1491 victorias,
1421 1446 1627 1494 Scipionem

1028 1519 1065 1542 ae
1078 1507 1212 1555 populo
1233 1507 1395 1543 Romano
1400 1521 1417 1551 ;
1447 1508 1533 1543 dum
1551 1520 1627 1544 sae-

1029 1569 1157 1604 vitiam
1168 1577 1320 1615 exercet,
1339 1571 1557 1606 Annibalem
1573 1582 1625 1606 re·

1024 1631 1279 1675 praesentavit.
1303 1630 1350 1665 Ni
1370 1631 1467 1678 Sylla
1483 1631 1624 1677 fuisset,

1008 1687 1153 1725 'actum
1184 1690 1308 1726 fuisset
1340 1690 1386 1726 de
1413 1691 1624 1738 Republica.

392 1759 502 1801 puto:
543 1755 700 1789 Senecae
735 1752 885 1799 quidem
915 1763 990 1786 non
1029 1751 1157 1797 Itaque
1175 1763 1298 1787 omnes
1313 1752 1401 1787 boni
1418 1765 1456 1788 se
1476 1765 1562 1789 cum
1579 1765 1624 1790 eo

392 1815 548 1850 dubium
578 1815 649 1849 suit
675 1814 767 1861 quin
788 1813 856 1848 iste
881 1813 988 1847 scele-
1023 1812 1245 1859 jungebant,
1278 1818 1319 1847 ut
1349 1814 1533 1850 furoribus
1552 1814 1622 1850 Ma·

390 1882 465 1913 stus
491 1876 669 1913 dicendus
693 1880 798 1919 esset,
823 1874 918 1910 conf.
940 1874 987 1910 de
1025 1874 1137 1909 rianis
1165 1874 1401 1912 resisteretur.
1455 1876 1529 1911 Hoc
1558 1888 1622 1912 no-

391 1939 504 1974 Clem.
520 1938 599 1975 Lib.
618 1938 649 1974 l.
672 1937 756 1983 Cap.
767 1936 848 1972 XII.
867 1935 914 1971 de
927 1935 986 1971 Ira

389 2001 468 2037 Lib.
489 2000 521 2038 I.
540 2001 623 2048 Cap.
636 1998 728 2036 XVI.
747 1997 773 2047 §
787 1998 835 2035 26
853 2002 890 2034 et
905 1997 984 2033 Lib.

389 2062 441 2097 Π.
463 2062 545 2108 Cap.
566 2061 716 2096 XXXIV.
739 2060 810 2108 §3.
837 2059 887 2094 De
902 2059 984 2094 Pro-

390 2122 468 2158 vid.
500 2123 578 2158 Lib.
611 2122 681 2158 111.
712 2121 737 2170 §
767 2122 791 2158 7
823 2126 860 2156 et
884 2120 909 2169 §
937 2120 981 2167 85

391 2183 456 2219 sed
476 2184 539 2220 alii
561 2184 666 2219 aliter
686 2195 729 2218 ea
750 2182 797 2217 de
823 2194 864 2216 re
881 2181 985 2227 judi-

389 2246 531 2282 cabant.
582 2246 674 2280 Haec
688 2243 914 2291 judiciorum
932 2242 985 2277 di-

389 2307 591 2354 screpantia
622 2305 721 2341 unde
739 2310 816 2341 orta
840 2304 887 2339 sit
904 2304 985 2339 satis

388 2369 484 2405 mihi
516 2368 677 2404 indicare
718 2367 865 2403 videtur
899 2366 984 2401 Vel-

389 2432 485 2478 lejus
505 2429 714 2466 Paterculus
734 2429 812 2463 Lib.
827 2429 876 2463 ΙΙ.
899 2428 981 2475 Cap.

1025 1935 1126 1987 mine
1145 1936 1227 1971 satis
1252 1935 1364 1983 digne
1383 1936 1526 1972 laudari
1545 1949 1620 1973 non

1024 2002 1152 2045 potest.
1193 1997 1262 2033 Sed
1282 1998 1330 2034 ob
1348 1997 1619 2045 crudelitatem,

1024 2071 1098 2106 qua
1127 2064 1246 2106 postea
1275 2060 1420 2106 egregia
1441 2071 1503 2094 sua
1527 2059 1620 2094 faci-

1023 2132 1112 2157 nora
1140 2120 1351 2167 maculavit‚
1383 2126 1420 2157 et
1444 2133 1466 2156 a
1485 2121 1619 2157 Seneca

1024 2187 1061 2217 et
1091 2182 1138 2217 ab
1168 2182 1344 2219 historicis
1370 2194 1511 2218 summo
1531 2182 1618 2229 jure

1023 2242 1262 2290 vituperatur.

1069 2304 1168 2341 Bene
1213 2332 1222 2342 .
1237 2333 1246 2342 .
1259 2331 1270 2342 .
1310 2317 1411 2341 arma
1451 2307 1616 2343 sumine

1022 2379 1070 2403 sc.
1096 2373 1220 2404 contra
1244 2367 1428 2403 Marianos.

1069 2430 1167 2465 Bene
1198 2430 1362 2477 posuisse
1400 2429 1477 2466 scil.
1516 2442 1613 2476 non,

387 2493 495 2530 XVII.
520 2493 564 2531 L.
588 2491 770 2529 Cornelius
788 2490 910 2538 Sylla:
926 2492 985 2527 vir
1021 2491 1091 2529 nisi
1114 2491 1218 2528 victis
1236 2488 1410 2527 Marianis.
1447 2491 1616 2537 Quamvis
