1848 3122
810 286 854 325 17

294 412 359 453 Sic
381 409 500 466 patris
516 409 745 460 memoriae,
763 411 819 455 sic
841 410 1026 452 Romanis
1043 409 1180 451 studiis
1206 409 1400 452 consuluit

243 482 397 523 Marcia.
457 480 534 522 Sed
563 492 710 537 quanta
744 481 886 536 pietate
914 481 1046 523 .coluit
1082 494 1256 538 patrem,
1298 493 1404 524 tanta

243 553 444 595 sedulitate
469 552 640 595 excoluit
666 552 821 594 liberos.
875 554 1020 594 Habuit
1048 566 1213 610 quatuor
1239 554 1401 606 liberos,

242 625 339 665 duos
366 624 488 676 filios,
514 624 691 680 duasque
719 625 818 665 filias
848 636 887 665 et
914 639 964 665 ex
990 626 1035 664 iis
1062 638 1234 682 nepotes.
1271 627 1407 680 (Cons-

244 696 346 738 XVI.
376 699 399 751 §
431 699 456 737 4
482 708 520 738 et
546 700 570 750 ἓ
601 683 680 751 6).μ
711 697 768 737 De
789 711 870 738 uno
896 696 977 738 filio
1002 697 1100 738 nihil
1127 699 1304 740 novimus
1327 699 1406 738 nisi

244 767 354 823 quod
382 778 470 808 ante
495 768 656 807 fratrem
684 767 873 808 Metilium
898 780 1073 809 mortuus
1094 781 1176 809 erat
1195 770 1295 810 XVI.
1321 772 1344 823 §
1367 774 1405 810 4.

242 838 348 881 Alter
374 853 464 881 vero
487 837 592 879 filius
617 839 808 892 Metilius,
836 841 909 896 qui
925 841 1081 893 juvenis
1106 841 1220 881 matri
1242 852 1398 896 ereptus

239 921 297 951 est
322 921 466 961 morte,
494 920 532 950 et
554 910 603 950 de
629 912 742 964 cujus
768 922 891 951 morte
912 912 1009 952 haec
1033 911 1245 952 consolatio
1260 913 1407 967 scripta

244 993 324 1033 est,
360 997 481 1038 quam
516 982 716 1036 praeclare
748 999 771 1022 a
802 994 924 1023 matre
955 984 1006 1023 sit
1030 983 1230 1023 institutus
1258 998 1306 1023 ex
1331 983 1410 1023 hoc

240 1054 345 1094 libro
385 1052 543 1094 abunde
578 1063 696 1108 patet.
764 1053 951 1094 Parvulas
989 1065 1140 1109 patrem
1176 1055 1256 1105 jam
1283 1055 1410 1094 amisit

244 1125 396 1179 (XXIV.
435 1127 458 1178 §
500 1125 552 1178 l.)
617 1124 773 1164 Idcirco
807 1124 904 1164 haec
940 1124 1117 1164 educatio
1145 1139 1265 1179 quam
1290 1123 1410 1164 ardua

240 1211 302 1237 res
329 1197 448 1236 fuerit
475 1195 612 1235 viduae
639 1197 753 1236 matri
773 1197 903 1250 primo
924 1197 1069 1236 obtutu
1090 1206 1407 1250 apparet‚·prae-

240 1268 375 1307 sertim
404 1267 448 1306 in
473 1267 648 1306 Romana
678 1266 834 1324 civitate
861 1277 947 1305 tum
974 1266 1267 1320 corruptissima
1296 1265 1431 1320 (Cap.

239 1338 340 1377 XXI.
368 1340 391 1390 §
420 1339 458 1376 2.
485 1336 605 1376 XXII.
635 1339 658 1389 §
694 1337 744 1390 l).
799 1335 1045 1388 Adolescene
1068 1342 1248 1386 statura,
1276 1347 1323 1376 ut
1347 1336 1411 1376 Se·

224 1424 355 1455 'necne
380 1407 506 1447 verbis
535 1418 622 1447 utar
650 1407 763 1462 (Cap.
791 1407 926 1447 XXIV.
960 1410 983 1460 §
1016 1409 1032 1448 1
1058 1418 1098 1448 et
1120 1408 1161 1461 2)
1184 1407 1407 1460 pulchritu-

241 1480 353 1530 dine,
381 1487 501 1518 cetero
527 1480 702 1530 corporis
726 1478 862 1516 robore
885 1480 1033 1516 caetris
1061 1485 1200 1528 natus,
1223 1478 1406 1516 militiam

239 1551 458 1600 recusavit,
495 1563 544 1587 ne
583 1563 611 1587 a
643 1553 772 1587 matre
810 1548 1034 1594 discederet.
1102 1546 1336 1601 Numquam
1379 1563 1407 1587 a

238 1626 446 1672 conspeetu
487 1626 552 1657 tuo
589 1617 807 1671 (Mareial)
848 1619 1034 1656 reomit:
1067 1618 1142 1656 cub
1170 1619 1297 1656 oculis
1324 1619 1407 1656 tuie

240 1691 374 1730 eludia
408 1689 613 1737 formavit.
674 1687 921 1727 Excellentie
956 1689 1109 1741 inqeniz'
1134 1696 1171 1727 et
1198 1691 1410 1742 aequaturi

238 1774 376 1805 avum,
413 1760 499 1797 nisi
532 1758 749 1796 obstitieeet
780 1759 1037 1809 verecundia,
1062 1746 1163 1811 quae
1193 1761 1406 1799 multorum

233 1832 436 1885 profectus
476 1829 633 1867 silentio
667 1830 831 1880 pressit.
893 1828 1138 1867 Adolescens
1166 1831 1405 1869 rarissimae

234 1903 411 1956 formae,
437 1901 482 1939 in
506 1907 590 1939 tam
617 1912 760 1953 mayna
787 1899 1002 1937 mulierum
1026 1899 1143 1938 turba
1171 1901 1279 1938 viros
1308 1913 1406 1939 cor-

237 1975 525 2027 rumpentium,
563 1972 720 2010 nullius
761 1972 847 2023 spei
890 1984 933 2009 ee
968 1970 1178 2023 praebuit.-
1211 1979 1249 2010 et
1277 1985 1404 2024 quum

237 2044 496 2100 quarumdam
518 2056 640 2095 usque
660 2042 716 2081 ad
736 2041 968 2080 tentandum
983 2043 1227 2094 pervenisset
1245 2044 1402 2096 impro-

240 2118 366 2167 bitas,
393 2115 561 2165 erubuit,
590 2114 710 2167 quasi
724 2121 929 2166 peccasset
949 2113 1057 2166 quod
1070 2114 1294 2166 placuerat.
1336 2113 1406 2153 Ne>

244 2202 322 2243 que
360 2198 542 2225 successu
581 2183 685 2224 felici
725 2184 849 2224 caruit
883 2183 983 2223 haec
1019 2198 1172 2223 morum
1209 2185 1402 2225 sanctitas.

240 2258 335 2297 Nam
370 2271 471 2311 puer
507 2255 717 2294 admodum
748 2254 926 2294 sacerdos
964 2255 1088 2295 factus
1128 2255 1258 2307 (conf.
1293 2256 1401 2309 nota)

240 2339 309 2369 est.
366 2328 465 2369 Fuit
477 2328 569 2381 jam
576 2327 744 2380 juvenis
766 2328 842 2366 eico
864 2327 1063 2380 prudens,
1092 2328 1168 2366 cito
1180 2328 1299 2380 pius,
1327 2328 1404 2366 eico

241 2403 436 2451 maritus,
474 2402 548 2438 cito
586 2406 720 2451 pater,
759 2400 835 2436 cito
880 2401 1013 2438 omnis
1056 2399 1176 2450 officii
1220 2400 1401 2438 cuv-iocus

248 2468 348 2523 (XII.
380 2470 402 2520 §
430 2470 486 2522 3.)

1200 2540 1223 2576 2
