1848 3122
990 291 1046 333 76

403 421 574 481 debe‘re‚
602 428 713 469 cuius
739 426 894 481 primus
919 424 1027 478 dies,
1056 426 1211 481 primus
1244 427 1418 484 impetus
1443 427 1499 469 ab
1520 427 1623 469 alta-

402 503 514 547 ribus
549 501 742 560 publicis,
781 509 824 544 et
858 500 986 545 fausta
1017 503 1314 560 nuncupatione
1344 518 1427 547 non
1455 503 1629 548 abduxit·

402 589 567 638 patrem.
629 572 670 619 2'.
712 578 866 634 Dignus
888 579 1115 622 mehercule
1138 579 1216 620 fuit
1239 581 1488 625 memorabili
1510 581 1626 623 dedi-

400 657 577 710 catione,
626 655 772 711 dignus
812 656 1056 713 amplissimo
1095 654 1315 711 sacerdotio
1330 687 1343 710 ,
1386 657 1458 712 qui
1497 657 1629 710 colere

399 732 494 774 deos
516 745 568 773 ne
586 732 705 773 iratos
728 731 894 787 quidem
913 731 1078 773 destitit.
1123 729 1234 772 Idem
1257 738 1415 784 tamen,
1444 739 1492 773 ut
1509 732 1628 775 rediit

398 808 591 862 domum,
628 814 670 850 et
691 806 871 864 implevit
893 805 1029 849 oculos
1041 837 1055 860 ,
1084 813 1127 848 et
1149 805 1302 864 aliquas
1326 820 1440 850 voces
1466 806 1626 850 flebiles

399 884 528 927 misit:
556 891 597 926 et
619 883 810 940 peractis,
833 896 938 939 quae
962 896 1048 925 mos
1072 889 1158 925 erat
1181 890 1381 939 praestare
1405 882 1624 937 defunctis,

402 960 454 1001 ad
490 960 758 1017 Capitolinum
793 959 909 1001 illum
944 959 1062 1001 rediit
1094 958 1267 1002 vultum.
1325 959 1489 1002 Paullus
1518 960 1625 1001 circa

401 1035 490 1080 illos
515 1035 747 1078 nobilissimi
768 1034 963 1091 triumphi
983 1034 1092 1088 dies,
1116 1049 1198 1091 quo
1217 1035 1398 1077 vinctum
1419 1043 1512 1077 ante
1531 1050 1626 1077 cur-

399 1124 490 1152 rum
520 1111 602 1165 egit
630 1110 800 1162 Persen,
837 1109 978 1151 incluti
1004 1110 1116 1164 regis*
1132 1123 1300 1163 nomen,
1330 1110 1431 1152 duos
1454 1109 1559 1153 filios
1584 1111 1627 1151 in

399 1260 570 1303 corrupto
588 1268 685 1291 meua
708 1254 817 1290 facile
835 1254 994 1290 retraha-
1032 1266 1116 1302 pro:
1152 1267 1268 1304 regem
1299 1256 1431 1304 inclyti
1458 1257 1628 1292 nominis.

400 1322 480 1364 tur-3
515 1329 601 1352 nam
631 1330 729 1352 mem
756 1321 877 1353 ortum
904 1322 995 1364 puto
1034 1317 1091 1352 Sic
1112 1316 1159 1352 de
1180 1316 1232 1353 cl.
1254 1317 1286 1354 1.
1306 1317 1390 1364 Cap.
1409 1316 1529 1353 xxvl.
1549 1316 1576 1366 §
1589 1317 1626 1353 2.

399 1390 446 1414 ex
460 1378 639 1426 particula
655 1378 819 1415 illamet
829 1378 995 1425 sequenti
1034 1378 1261 1426 Apparentur
1289 1379 1372 1414 licet
1400 1391 1531 1427 magna
1560 1379 1625 1413 im-

397 1441 486 1488 qjus.
534 1440 691 1487 Legatur
722 1440 835 1487 igitur
857 1439 994 1476 Putas·
1028 1452 1159 1488 penna,
1184 1446 1218 1476 et
1231 1440 1342 1488 reqiis
1361 1440 1501 1487 opibus,
1522 1446 1557 1475 et
1571 1450 1626 1474 ar-

396 1514 495 1538 seme
517 1503 594 1550 ejus
618 1502 734 1538 luem
757 1513 835 1548 sqq.
1033 1502 1178 1549 ufic-um.
1200 1503 1390 1550 exquisitis
1423 1501 1628 1538 nominibuae

446 1563 584 1611 Inclyti
606 1564 701 1613 regie
721 1575 859 1599 nomen.
906 1561 994 1599 Vult
1032 1577 1100 1613 pro
1140 1565 1342 1614 artificibus
1373 1565 1629 1613 exquisitorum

398 1624 540 1670 Lipsius
549 1624 740 1669 inclytum;
758 1623 862 1658 »Non
878 1623 994 1666 enim,
1033 1626 1228 1659 nominum.

398 1684 540 1732 inquit,
580 1684 722 1732 »ipsum
752 1682 898 1728 laudat,
933 1681 997 1718 sed
1083 1685 1126 1720 Et
1157 1685 1228 1721 viri
1258 1685 1416 1722 illustres
1440 1697 1545 1733 saepe
1575 1685 1628 1721 di-

399 1758 557 1782 »nomen
588 1740 796 1791 famamque
824 1744 995 1790 inclytam
1032 1750 1317 1795 cantui-magna,
1325 1747 1461 1793 inclyta
1470 1748 1626 1783 nomina.

397 1808 533 1844 »donat
543 1835 555 1853 ‚
590 1807 638 1843 ob
666 1817 795 1852 regum
827 1809 993 1841 veterum
1081 1806 1287 1854 Propertius
1303 1807 1381 1843 Lib.
1397 1807 1446 1844 Π.
1465 1808 1519 1844 El.
1538 1808 1569 1845 1.
1589 1821 1624 1845 v.

396 1869 573 1917 »gloriam
608 1872 647 1903 et
681 1878 784 1903 suam
814 1866 992 1902 eladem.”
1033 1867 1077 1903 41
1104 1871 1142 1902 et
1165 1867 1225 1903 42.

395 1931 519 1968 Ruhk.
561 1930 657 1966 hanc
702 1927 992 1965 emendationem
1031 1934 1095 1966 Neo
1120 1945 1193 1966 mea
1217 1934 1413 1970 conveniam
1432 1934 1515 1967 dum
1527 1947 1626 1978 prae-

396 2006 471 2030 non
493 2005 582 2041 opus
598 2004 672 2028 esse
682 1990 837 2039 judicat.
863 1990 993 2027 Contra
1162 1990 1274 2023 cordia
1293 2002 1393 2024 versu

397 2056 524 2092 sentio.
553 2054 745 2091 Rationem
766 2064 787 2088 a
806 2053 926 2100 Lipsio
942 2053 992 2089 al·
1034 2049 1185 2081 Caesaris
1204 2049 1241 2080 in
1255 2049 1625 2094 Phrygiae-anderem-

397 2118 507 2154 latam
529 2117 662 2165 probo,
688 2115 873 2163 addoque‚
896 2114 992 2151 hanc
1159 2117 1234 2138 θ’θ’·
1254 2117 1342 2139 “0⁰⁸-
1366 2132 1376 2142 ·
1679 2118 1681 2121 ·

398 2184 620 2215 constantem
638 2178 794 2212 Senecae
811 2176 993 2210 scribendi
1032 2175 1207 2222 Virgilius
1216 2177 1293 2212 Lib.
1307 2177 1373 2213 111.
1390 2177 1519 2223 Georg.
1529 2189 1566 2213 v.
1580 2176 1627 2213 47

398 2253 474 2278 esse
491 2240 685 2277 rationem:
710 2243 749 2274 ut
771 2236 992 2284 adjectivum
1032 2243 1109 2274 Mox
1127 2248 1234 2274 tamen
1252 2242 1404 2274 ardentes
1420 2242 1627 2286 accingami-

398 2316 420 2339 a
436 2315 501 2338 suo
512 2302 730 2337 substantivo
739 2300 905 2346 sejungat
915 2311 991 2334 ver·
1160 2310 1233 2330 cere
1247 2309 1383 2342 pugnas
1390 2320 1402 2337 ‚

397 2365 446 2401 bo
465 2362 686 2410 interposito.
711 2361 914 2398 Dictionem
931 2372 992 2397 au·
1034 2355 1184 2388 θαθθανίδ
1202 2361 1237 2387 θ*
1254 2352 1473 2397 mensam
1481 2354 1624 2399 totfem
1702 2364 1703 2367 ’

397 2434 473 2464 tem
505 2425 558 2462 sic
597 2423 848 2472 explicandam
882 2427 989 2470 puto:
1154 2423 1221 2455 per
1240 2421 1354 2444 annos.

401 2485 449 2525 ut*
470 2489 644 2536 inclytum
675 2487 769 2535 regis
796 2497 921 2520 nomen
949 2485 992 2520 sit
1081 2484 1153 2521 Cic.
1167 2482 1214 2520 ad
1226 2480 1339 2535 famil.
1350 2480 1413 2528 Ep.
1425 2481 1460 2518 7,
1473 2482 1548 2520 Lib,
1557 2482 1625 2517 111,
