1848 3122
984 320 1043 364 66

376 457 529 501 ‘fatum
564 458 617 500 ab
652 464 766 499 utero
803 458 937 500 statim
972 456 1301 514 prosequebatur.
1375 457 1422 500 In
1455 468 1621 513 regnum
1659 472 1665 477 ·

401 533 603 586 fortunae,
642 539 685 573 et
713 532 879 588 quidem
906 532 1057 574 durum
1080 540 1202 588 atque
1225 532 1418 575 invictum
1443 531 1625 589 perveni-

401 622 513 660 mus,
542 606 650 650 illius
668 605 833 650 arbitrio
855 607 976 663 digna
997 615 1118 663 atque
1140 604 1302 661 indigna
1328 609 1497 663 passuri.
1528 608 1625 652 Cor·

399 682 566 739 poribus
600 683 744 725 nostris
779 678 1045 741 impotenter,
1075 681 1380 736 contumeliose,
1410 684 1626 726 crudeliter

397 758 611 802 abutetur:
650 758 746 801 alios
781 758 941 815 ignibus
966 765 1156 815 peruret,
1193 758 1258 800 vel
1283 758 1326 814 in
1358 772 1528 815 poenam
1553 759 1627 801 ad-

398 836 541 889 motis,
569 835 634 878 vel
664 836 706 877 in
727 835 976 877 remedium:
1005 833 1102 881 alios
1125 834 1292 877 vinciet:
1320 834 1364 877 id
1390 849 1499 878 nunc
1521 834 1628 877 hosti

374 945 377 947 .
397 910 559 965 licebit,
597 926 707 954 nunc
732 911 832 954 civi:
871 910 968 953 alios
1002 923 1075 967 per
1099 910 1250 953 incerta
1274 900 1403 954 nudos
1425 911 1547 953 maria
1568 910 1627 952 ia-

400 986 548 1041 ctabit,
576 994 618 1028 et
644 986 815 1029 luctatos
839 1000 933 1029 cum
956 986 1150 1028 fluctibus
1163 1017 1176 1040 ‚
1205 1000 1257 1028 ne
1281 987 1326 1028 in
1347 999 1508 1029 arenam
1535 986 1627 1043 qui-

398 1062 494 1103 dem
534 1069 605 1104 aut
651 1061 746 1104 litus
788 1062 976 1118 explodet
989 1093 1002 1115 ‚
1041 1062 1113 1104 sed
1153 1062 1196 1103 in
1237 1062 1402 1105 alicuius
1444 1070 1625 1105 ventrem

397 1137 614 1179 immensae
646 1136 807 1179 belluae
847 1137 1068 1184 decondet:
1107 1137 1202 1178 alios
1242 1137 1475 1179 morborum
1513 1139 1628 1181 variis

397 1212 609 1268 generibus
653 1218 919 1266 emaceratos,
971 1211 1044 1254 diu
1084 1211 1188 1253 inter
1220 1212 1343 1254 vitam
1377 1220 1628 1270 mortemque

398 1287 550 1330 medios
585 1287 795 1330 detinebit.
858 1287 898 1329 5.
928 1288 984 1330 Ut
1011 1287 1117 1329 varia
1142 1295 1184 1330 et
1210 1288 1446 1343 libidinosa,
1475 1290 1628 1332 manci-

398 1363 638 1419 piorumque
670 1377 835 1405 suorum
871 1362 1073 1419 negligens
1110 1363 1294 1418 domina,
1337 1371 1378 1407 et
1412 1364 1551 1422 poenis
1586 1373 1628 1407 et

397 1438 634 1482 muneribus
657 1438 818 1481 errabit.
849 1438 954 1491 Quid
980 1452 1082 1494 opus
1102 1446 1164 1481 est
1182 1447 1316 1496 partes
1338 1439 1520 1482 deflere?
1545 1448 1628 1482 tota

395 1514 478 1556 vita
500 1514 648 1557 flebilis
679 1522 753 1558 est.
814 1514 1027 1570 Urgebunt
1051 1528 1153 1557 nova
1184 1515 1457 1571 incommoda,
1494 1516 1628 1573 prius-

397 1605 520 1646 quam
544 1591 748 1633 veteribus
769 1589 1016 1633 satisfeceris.
1075 1591 1364 1634 Moderandum
1389 1599 1451 1634 est
1469 1593 1627 1649 itaque,

446 1714 497 1750 In
528 1714 620 1749 hanc
646 1713 756 1762 legem
775 1712 878 1747 datus
898 1723 974 1759 sqq.
981 1739 992 1757 ‚
1033 1717 1123 1748 tuna
1144 1725 1235 1749 vers.
1260 1713 1304 1750 41
1336 1715 1376 1750 in
1392 1715 1542 1752 Lucian.
1565 1715 1626 1752 ed.

396 1775 544 1812 brevius
583 1774 630 1810 de
666 1774 794 1821 Tranq.
829 1773 860 1809 I.
892 1773 919 1822 ς
947 1773 991 1810 9:
1032 1774 1110 1810 min
1133 1774 1266 1812 Hemst.
1290 1787 1373 1823 pag.
1402 1776 1472 1814 167

394 1838 502 1872 morti
519 1843 625 1871 natm
648 1849 696 1871 es,
1032 1835 1096 1870 Ὧς
1124 1837 1276 1868 ποικίλον
1310 1836 1435 1879 πρᾶγμ’
1465 1838 1538 1868 ἐστὶ
1568 1838 1628 1868 καὶ

449 1898 494 1934 Ut
522 1898 627 1933 varia
658 1903 691 1932 et
716 1896 910 1932 libidinosa
934 1923 942 1932 .
956 1923 966 1932 .
980 1923 989 1932 .
1146 1890 1271 1921 πλῶον
1290 1892 1391 1932 τύχη·

394 1960 536 1994 errabit.
561 1960 613 1994 De
625 1959 749 1994 Benef.
766 1959 844 1993 Lib.
855 1958 886 1992 I.
900 1957 990 1993 XIV.
1030 1959 1156 2005 Eurip.
1182 1960 1321 1995 Heracl.
1348 1959 1420 1995 612
1438 1972 1491 2006 sq.

396 2020 422 2069 §
441 2020 477 2056 2.
509 2020 621 2056 Nemo
640 2015 727 2056 haec
745 2021 799 2055 ita
818 2021 992 2067 ὑποφη-
1247 2021 1339 2062 napa
1355 2019 1497 2052 δ’ἄλλον
1516 2019 1625 2060 γᾶλλα

395 2089 508 2127 tetur,
542 2090 722 2130 tamquam
747 2082 912 2117 reducam
942 2081 992 2116 lz-
1030 2078 1131 2116 μοῖρα
1152 2073 1278 2106 ‘'ffb“-

395 2142 629 2188 bonumeam,
653 2149 688 2178 et
697 2142 845 2192 fraenis
865 2142 990 2177 arctio·
1080 2142 1332 2178 Moderandum
1352 2150 1404 2178 est
1424 2144 1544 2191 itaque
1565 2168 1577 2179 .
1592 2170 1601 2179 .
1615 2171 1624 2180 .

394 2205 495 2240 ribus
512 2206 711 2254 reprimam.
738 2204 811 2239 Illa
833 2215 930 2248 vero,
950 2204 991 2238 in
1031 2204 1314 2252 dispensandum.
1349 2204 1394 2239 In
1414 2204 1525 2241 Codd.
1547 2217 1626 2242 me—

395 2275 566 2314 quantum
582 2269 682 2312 libet,
703 2273 824 2302 exeat:
842 2266 904 2300 ced
919 2273 990 2311 eat,
1029 2265 1197 2302 lior-ibus:
1219 2266 1472 2302 Moderandum
1492 2274 1543 2302 est
1557 2269 1624 2304 ita-

393 2341 468 2364 non
505 2336 603 2365 erret.
653 2329 680 2364 E
715 2328 849 2376 quibus
878 2340 990 2364 errare
1030 2341 1096 2375 que
1122 2328 1225 2363 nobis
1254 2329 1407 2363 maxima
1436 2341 1524 2375 quae
1553 2331 1624 2366 im-

392 2392 465 2427 hoc
496 2402 602 2426 sensu
628 2390 710 2426 satis
737 2389 912 2436 explicari
934 2390 990 2425 vi-
1029 2390 1202 2425 moderate
1230 2390 1356 2435 fertis,
1385 2396 1419 2424 et
1438 2391 1480 2425 in
1498 2393 1625 2428 multos

394 2455 515 2491 detur.
956 2454 959 2457 ”
1029 2452 1161 2488 dolores
1172 2451 1321 2487 humani
1327 2453 1478 2499 pectoris
1486 2453 1623 2502 diepen-

439 2515 614 2551 Similiter
636 2513 830 2550 Menander
851 2513 898 2548 de
918 2513 988 2549 sor·
1029 2514 1154 2550 sanda.
1190 2511 1292 2548 Unde
1312 2513 1468 2551 confecit
1479 2516 1623 2563 Lipsius
