1848 3122
843 300 885 337 13

283 439 410 484 quum
425 428 640 467 humanum
654 436 775 465 essetf
797 424 908 476 Quod
919 455 931 476 ,
948 425 1162 475 argumenti
1176 423 1437 480 dispositionis

280 502 355 541 rite
379 514 559 551 memor,¹
587 498 762 552 exemplo
788 496 952 551 alicujus
985 492 1204 553 Syracusasx
1218 508 1350 554 petere
1380 512 1443 539 vo-

282 571 397 611 lentis
427 581 489 621 et,
526 581 614 610 ante
643 570 802 621 cognitis
834 571 998 620 regionis
1030 569 1133 611 illius
1161 569 1375 611 comodis
1401 581 1442 609 et

283 641 539 683 incommodis
552 673 563 693 ‚
590 652 719 682 tamen
744 641 819 681 iter
842 640 1014 681 facientis
1027 672 1040 693 ‚
1066 640 1203 693 deinde
1220 640 1329 697 quod
1349 642 1444 694 jure

283 725 470 770 queratur
494 728 576 753 non
602 714 804 764 habentis,
831 702 1009 753 illustrati
1059 712 1185 768 quue
1205 728 1327 768 porro
1344 713 1440 767 Gap.

282 785 409 825 XVIII
430 785 480 825 ad
502 785 619 825 vitam
633 783 828 824 transfert.
883 783 977 839 Cap.
987 783 1084 823 XIX
1098 784 1240 824 relictis
1254 782 1441 839 exemplis

283 858 333 898 ad
362 866 566 913 praecepta
598 856 746 896 transit.
799 856 988 910 Hoponit
1016 856 1120 896 hanc
1151 855 1444 906 argumentatio-

282 944 396 970 nem:
425 927 496 968 filii
520 938 643 968 morte
669 942 742 969 nec
769 927 881 967 matri
902 942 976 967 nec
1001 926 1083 967 filio
1106 925 1328 982 quidquam
1352 924 1444 965 mali

281 999 435 1040 accidit.
489 1000 660 1039 Priorem
698 1009 849 1054 partem
880 992 1103 1039 brevissime
1132 996 1280 1037 ordinis
1311 997 1442 1052 potius

281 1069 488 1122 servandi,
524 1086 644 1126 quam
673 1070 805 1110 matris
834 1069 1088 1110 consolandae
1118 1069 1236 1121 gratia
1249 1099 1262 1120 ,
1289 1079 1441 1109 tractat.

282 1142 390 1193 Duo,
416 1143 570 1198 inquit,
599 1153 754 1182 movent
769 1141 983 1194 lugentem,
1011 1153 1077 1182 aut
1093 1141 1330 1182 desiderium
1345 1156 1443 1181 mor-

278 1214 363 1256 tuit
403 1213 445 1253 id
465 1229 539 1269 per
561 1228 601 1254 se
625 1213 823 1254 tolerabile
842 1225 1028 1270 apparet3
1057 1228 1150 1254 nam
1169 1215 1350 1254 absentee
1373 1214 1440 1254 ab·

273 1289 526 1340 futurosque,
552 1287 647 1325 dum
664 1288 858 1336 viverent,
884 1299 964 1323 non
977 1287 1137 1336 flemus,
1164 1287 1345 1338 quamvis
1361 1299 1442 1324 om·

277 1359 345 1397 nie
387 1370 487 1396 neue
519 1357 682 1396 illorum
697 1356 830 1396 'nobie
863 1365 901 1397 et
931 1364 1159 1411 conepectus
1190 1364 1345 1411 ereptus
1377 1358 1441 1397 eit.

276 1428 504 1467 Judicemue
521 1428 613 1466 illos
630 1428 786 1473 ahma,
812 1436 851 1466 et
874 1430 1105 1481 nosmetipsi
1140 1442 1214 1467 noe
1228 1428 1440 1478 fallamus

234 1545 237 1548 Α
278 1496 383 1550 (vide
413 1507 542 1536 notam
570 1495 619 1536 ad
653 1496 761 1537 hunc
792 1497 965 1551 locum),
1002 1485 1069 1538 aut
1100 1498 1195 1539 haec
1228 1499 1433 1550 cogitatio:
1463 1495 1467 1501 ⁵

275 1566 371 1607 Non
394 1570 470 1606 erit
493 1570 564 1621 qui
579 1583 640 1607 me
656 1569 850 1621 defendat.
880 1572 951 1622 qui
965 1584 991 1608 a
1008 1578 1229 1622 contemptu
1247 1572 1436 1611 vindicet.

275 1638 351 1680 Sed
368 1638 438 1691 huj
446 1653 488 1678 us
504 1639 561 1678 rei
571 1637 747 1678 solatium
759 1638 910 1694 profert
921 1654 942 1679 e
954 1650 1175 1694 temporum
1188 1640 1433 1692 conditione;

271 1724 396 1763 quum
419 1711 515 1762 plue
538 1712 692 1763 qratiae
721 1711 873 1749 orbitae
902 1712 1099 1759 conferret
1118 1726 1241 1764 quam
1263 1715 1438 1766 eriperet.

273 1780 349 1823 Sed
377 1781 455 1820 cito
479 1780 658 1820 Marciam
679 1780 850 1821 nobilem
867 1793 1030 1822 matrem
1046 1783 1300 1835 objicientem
1317 1785 1408 1825 facit
1421 1803 1433 1826 ε

273 1851 370 1892 Non
396 1860 551 1891 movent
575 1866 641 1891 me
667 1853 895 1892 detrimenta
923 1868 1023 1893 moa.
1077 1854 1238 1893 Etenim
1266 1869 1348 1894 non
1375 1864 1438 1895 eet

274 1925 419 1979 diqnue
437 1925 596 1976 solatio,
616 1926 688 1979 qm·
697 1926 829 1978 filium
845 1926 928 1964 eihs·
942 1926 1175 1977 decessisse,
1203 1928 1311 1967 sicut
1325 1942 1436 1968 man-

275 1998 443 2049 cipium,
481 1998 635 2034 moleste
666 1998 758 2048 fert.
834 1997 915 2046 Qua
946 2011 988 2035 re
1021 1997 1164 2038 Seneca
1195 1998 1245 2037 ad
1276 1998 1436 2038 alteram

274 2068 609 2120 argumentationis
641 2078 792 2121 partem
823 2068 972 2110 transit.
1027 2068 1158 2120 Quum
1190 2080 1322 2110 autem
1353 2084 1435 2111 non

273 2154 341 2179 sua
371 2138 439 2177 sed
470 2138 541 2177 filii
568 2153 680 2178 causa
701 2139 870 2190 lugeret,
897 2139 1127 2179 alterutrum
1158 2156 1242 2181 eam
1265 2153 1436 2182 moveret

205 2250 207 2252 ,
273 2226 427 2253 necesse
458 2221 559 2262 erat,
588 2211 697 2267 quod
727 2210 947 2253 decessisset
971 2211 1099 2264 filius,
1126 2224 1193 2254 aut
1221 2213 1331 2269 quod
1353 2229 1434 2270 non

270 2283 340 2323 diu
365 2284 531 2324 vixisset.
585 2283 759 2333 Quorum
781 2285 892 2339 prius
914 2299 994 2325 non
1016 2300 1167 2325 causam
1183 2285 1258 2325 tibi
1271 2285 1433 2338 lugendi

269 2356 405 2396 afferre
429 2366 579 2411 potest,
614 2355 665 2395 ait
691 2355 856 2408 Seneca3
895 2358 951 2398 sic
976 2372 1128 2413 semper
1152 2357 1347 2399 debuisses
1371 2357 1432 2399 lu-

268 2440 375 2477 gere,
413 2443 539 2483 quum
572 2428 802 2467 moriturum
839 2443 930 2469 eum
973 2444 1125 2485 semper
1163 2431 1292 2470 scires.
1351 2429 1431 2469 Nec

268 2497 488 2553 quidquam
521 2499 610 2541 mali
643 2498 725 2541 filio
755 2500 798 2540 in
826 2512 951 2557 morte
976 2516 1089 2557 posse
1115 2501 1292 2543 accidere
1316 2500 1432 2541 docet
