1848 3122
968 308 1050 353 104

404 440 459 485 de
490 456 571 485 non
593 444 828 489 immaturus
859 442 1047 487 decessit:
1075 445 1172 489 vixit
1194 447 1302 489 enim
1324 454 1520 505 quantum
1545 445 1619 490 de-

413 518 504 561 buit
541 518 683 560 vivere.
756 519 863 562 Nihil
907 521 1013 563 enim
1049 522 1127 564 illi‘
1149 523 1228 564 iam
1264 523 1369 565 ultra
1403 531 1619 583 supererat.

408 596 496 636 Non
530 607 610 636 una
643 593 874 639 hominibus
905 605 1087 640 senectus
1120 605 1203 650 est,
1241 605 1288 640 ut
1314 613 1365 640 ne
1387 601 1622 644 animalibus

406 669 584 724 quidem.
643 671 751 712 Intra
788 673 1088 728 quatuordecim
1115 673 1309 728 quaedam
1334 687 1456 717 annos
1485 677 1623 718 defati-

404 753 568 801 gantur:
597 754 638 788 et
659 746 757 789 haee
777 747 855 790 illis
878 747 1100 803 longissima
1121 757 1227 792 aetas
1249 758 1331 804 est,
1350 764 1453 806 quae
1470 751 1622 793 homini

402 822 543 878 prima.
586 823 740 879 Dispar·
753 824 898 879 cuique
916 824 1074 865 vivendi
1097 818 1262 868 facultas
1289 825 1382 867 data
1404 834 1484 868 est:
1502 840 1621 868 nemo

403 897 520 941 nimis
554 898 635 940 cito
665 899 854 953 moritur,
883 899 955 956 qui
980 900 1155 943 victurus
1182 901 1332 958 diutius
1359 916 1480 959 quam
1501 902 1622 957 vixit,

405 962 486 1015 non
518 972 608 1015 fuit.
671 975 740 1016 11.
783 975 901 1017 Fixus
937 983 999 1017 est
1031 977 1177 1032 cuique
1207 979 1420 1019 terminus:
1448 977 1625 1019 manebit

404 1062 563 1105 semper
596 1048 667 1091 ubi
695 1050 850 1104 positus
875 1057 958 1092 est:
991 1064 1067 1092 nec
1094 1051 1210 1093 illum
1236 1052 1401 1094 ulterius
1423 1052 1625 1108 diligentia

402 1129 473 1164 aut
493 1123 618 1178 gratia
644 1123 911 1179 promovebit:
940 1124 1016 1164 scit
1039 1124 1211 1166 libenter
1232 1126 1348 1167 illum
1370 1125 1536 1169 ulterius
1561 1126 1624 1168 di-

402 1199 607 1255 ligentiam
631 1213 679 1242 ex
708 1198 871 1242 consilio
895 1198 1128 1256 perdidisse.
1188 1200 1298 1243 Tulit
1318 1216 1461 1257 suum,

610 1334 666 1344 -
691 1319 889 1365 metasque
915 1311 1005 1350 dati
1024 1313 1212 1364 pervenit·
1233 1311 1290 1352 ad
1312 1315 1411 1354 aevi.

452 1453 533 1491 Scit
558 1454 707 1490 libenter
723 1454 826 1490 illum
844 1473 893 1481 —
908 1466 995 1503 per-
1033 1460 1097 1490 aut
1108 1455 1230 1503 gratia
1244 1458 1323 1490 orta
1336 1458 1482 1502 possunt
1498 1454 1626 1491 videri.

400 1515 543 1551 didisse.
602 1516 717 1552 Locus
745 1516 992 1553 difficillimum
1032 1517 1158 1551 Perire
1178 1528 1244 1563 pro
1264 1518 1356 1551 mori
1374 1516 1529 1552 Senecae
1549 1517 1627 1552 usi-

399 1576 446 1613 In
474 1589 548 1626 quo
578 1577 792 1627 explicando
819 1583 855 1614 et
885 1578 995 1614 corri-
1032 1582 1170 1623 tatum,
1203 1577 1287 1625 Cap.
1314 1576 1425 1615 XVII.
1449 1577 1475 1627 §
1498 1578 1531 1615 1.
1565 1577 1628 1614 Ad

402 1640 522 1685 gendo
554 1641 631 1676 sine
661 1639 872 1675 melioribus
897 1639 973 1673 mss.
985 1665 996 1683 ‚
1035 1639 1099 1674 hoc
1119 1640 1240 1686 genita
1259 1652 1295 1674 ee
1325 1646 1365 1675 ut
1379 1640 1562 1686 perderes,
1586 1646 1627 1675 ut

401 1700 536 1736 frustra
553 1700 733 1736 sudamus.
783 1701 828 1735 Ut
846 1711 945 1734 nunc
960 1711 997 1734 se
1028 1701 1176 1746 perires.
1204 1699 1310 1734 Scias
1321 1704 1356 1734 et
1369 1699 1456 1734 alibi
1475 1699 1515 1734 in
1532 1704 1627 1734 tran-

403 1761 533 1805 habet,
563 1762 690 1797 similis
710 1766 763 1797 est
782 1761 933 1807 glossae,
959 1765 996 1796 et
1035 1762 1106 1796 situ
1138 1760 1324 1805 orationis,
1358 1760 1412 1795 uti
1434 1760 1627 1806 hocloco,

401 1822 492 1857 huic
511 1827 712 1869 corruptae.
762 1823 871 1868 Lipsii
882 1822 995 1857 codex
1035 1823 1101 1857 ubi
1122 1822 1169 1857 ad
1198 1821 1315 1856 filium
1340 1821 1491 1856 Marciae
1513 1822 1628 1857 oratio

400 1883 513 1920 hahet
533 1888 692 1920 tantum:
727 1884 889 1920 Manebit
911 1897 996 1919 oem-

398 1958 469 1993 per
487 1946 552 1981 uhi
563 1947 705 1993 positus
723 1953 791 1990 est,
816 1958 880 1981 nec
895 1946 998 1981 illum

405 2007 555 2042 ulterius
576 2007 765 2055 diligentia
785 2019 828 2041 ea:
849 2008 999 2042 consilio

401 2069 577 2116 perdidit,
587 2068 649 2103 eed
657 2068 742 2104 tulit
756 2080 868 2103 suum.
881 2067 997 2117 (Conf.

408 2134 495 2165 nota
530 2128 668 2177 Lipsii)
720 2128 859 2164 Timide
888 2129 1000 2176 conji-

410 2192 521 2227 ciam:
552 2192 648 2227 ecias
675 2191 823 2226 libenter
843 2191 945 2225 illum
967 2197 1000 2227 et

409 2253 566 2289 consulto
589 2254 758 2301 periisse,
792 2252 894 2287 illum
923 2252 997 2288 scil.

406 2313 583 2350 Metilium
592 2342 602 2359 ‚
616 2314 766 2349 Marciae
776 2313 902 2348 filium.
916 2313 997 2349 Ver-

405 2377 453 2413 ba
482 2387 576 2423 quae
597 2375 647 2410 sic
677 2375 896 2422 ejicerentur
914 2376 998 2411 ulte-

403 2441 482 2474 rius
520 2438 765 2486 diligentiam,
800 2449 822 2472 e
856 2449 997 2483 praece-

403 2500 573 2536 dentibus
621 2499 769 2535 ulterius
810 2498 997 2547 diliqemia

1035 1882 1251 1928 inflectitur,
1270 1882 1387 1918 utitur
1408 1882 1551 1919 Seneca.
1575 1882 1627 1919 De

1037 1944 1164 1990 Tranq.
1185 1943 1247 1979 XI.
1270 1942 1296 1991 §
1318 1942 1353 1978 3.
1390 1944 1608 1980 Gladiatores
1615 1972 1626 1990 ,

1038 2007 1093 2040 ait
1125 2005 1261 2049 Cicero,
1285 2004 1421 2039 invisos
1441 2003 1626 2051 habemus,

1038 2067 1073 2102 ei
1089 2067 1186 2101 omm'
1199 2065 1299 2100 modo
1316 2066 1428 2100 vitam
1445 2066 1629 2112 impetrare

1039 2128 1209 2175 cupium.
1225 2152 1235 2163 .
1251 2154 1260 2163 .
1288 2127 1381 2162 idem
1407 2127 1546 2162 evenire
1567 2138 1625 2161 no-

1038 2190 1093 2225 his
1127 2190 1234 2225 scias.
1285 2188 1449 2224 Consulto
1469 2184 1627 2234 denique

1037 2256 1127 2287 esset
1169 2263 1234 2299 pro
1269 2251 1410 2286 Divina
1436 2250 1626 2298 providen—

1037 2316 1108 2359 tia,
1143 2327 1215 2350 non
1244 2320 1389 2357 temere,
1424 2324 1533 2358 nequo
1562 2314 1624 2347 ηἰ-

1036 2378 1104 2412 mie
1134 2378 1216 2413 cito.
1264 2375 1338 2410 Nisi
1362 2372 1505 2409 fortasse
1524 2374 1625 2410 locus

1035 2440 1086 2482 ita
1125 2439 1171 2473 sit
1207 2435 1450 2481 corrigendus.
1519 2437 1625 2472 Scias

1035 2501 1183 2536 libenter
1202 2499 1304 2534 illum
1329 2497 1408 2547 (qui
1426 2499 1623 2535 terminum
