1848 3122
978 294 1036 337 48

393 443 551 489 semper
578 431 787 491 ‘nominans
811 431 1065 487 cogitansque
1078 462 1092 486 ,
1120 431 1260 486 facies,
1288 440 1330 474 et
1353 433 1514 475 meliore
1534 446 1606 490 po-

394 520 465 551 nes
489 506 596 559 loco,
624 505 658 547 si
689 507 807 550 matri
834 520 951 561 suae,
979 507 1109 566 qualis
1133 509 1246 551 vivus
1272 507 1448 564 solebat,
1477 507 1609 552 hilaris

394 591 435 626 et
462 596 555 625 cum
583 580 728 638 gaudio
756 590 950 627 eccum-at.

391 709 501 751 esset,
525 705 754 742 intellectum
779 706 871 743 velit
900 706 984 743 Gro-

392 767 531 803 novius.
578 767 758 802 Juvenem
776 766 985 814 dignissime

391 829 560 877 quietum,
571 840 713 877 semper
721 827 909 879 (quietum)
921 841 984 866 no·

392 892 534 928 minans
541 893 788 939 cogitansque,
797 890 986 941 (quietum)

394 954 514 991 facies.
552 955 625 992 Hoc
642 955 799 991 latinitas
817 966 892 992 non
911 955 987 1003 pati

393 1016 487 1052 mihi
504 1016 661 1053 videtur.
686 1017 869 1052 Alterum:
888 1015 988 1063 quod

390 1071 528 1112 Seneca
548 1088 624 1111 non
643 1088 665 1112 a
682 1080 798 1112 matre
815 1076 928 1122 exigit
945 1080 987 1110 ut

391 1135 510 1172 fllium
520 1136 589 1172 sihi
603 1140 847 1184 repraesentet
857 1134 966 1172 talem
973 1163 985 1182 ,

393 1198 509 1245 qualis
539 1198 580 1233 in
610 1202 726 1233 morte
748 1202 853 1243 esset,
878 1197 985 1244 quie-

394 1263 473 1294 tum
504 1258 601 1304 scil„
640 1256 702 1293 sed
732 1258 850 1306 qualis
880 1258 985 1293 vivus

394 1320 543 1365 soleret,
558 1318 616 1370 (ut
631 1320 743 1368 ipsius
761 1319 881 1356 verbis
890 1316 988 1367 utar)

394 1382 543 1417 hilarem
552 1382 812 1429 eeqaudentem.
832 1381 892 1416 His
901 1392 987 1416 vero

393 1441 516 1478 dubiis
539 1441 646 1477 facile
673 1440 890 1477 satisfactum
909 1451 986 1476 cre-

381 1503 463 1549 «10,
496 1504 527 1539 si
559 1504 599 1539 in
630 1503 710 1540 loeo
720 1531 731 1548 ‚
774 1502 987 1550 ceteroquin

393 1564 538 1612 egregie
578 1576 601 1601 a
638 1576 771 1612 magno
807 1563 988 1600 Gronovio

394 1625 607 1670 emendato,
658 1625 989 1672 interpunctionem

380 1691 530 1733 -mutes,
550 1691 587 1723 et
599 1697 666 1734 pro
675 1686 883 1735 dignissime
893 1686 989 1734 quie-

396 1756 471 1784 tum
507 1760 642 1795 semper
672 1749 860 1783 nominum
888 1748 989 1794 σαρί-

393 1817 540 1858 tamque
547 1809 672 1858 faeie-5
682 1835 693 1854 ,
718 1819 859 1845 comma
877 1819 988 1856 ponas

392 1872 490 1908 inter
497 1873 726 1919 cogitansque
745 1875 783 1906 et
786 1871 911 1918 facies
916 1896 928 1915 ,
945 1874 988 1905 ut

394 1937 434 1968 et
461 1932 502 1968 in
529 1931 688 1968 editione
715 1936 917 1980 stereotypa
935 1930 987 1967 fa-

396 1999 497 2030 ctum
517 1993 605 2030 vidi.
639 1994 877 2040 Explicationi
896 1993 987 2028 haee

397 2054 509 2091 addo:
531 2066 671 2100 omnes,
692 2054 758 2101 qui
768 2065 914 2089 suorum
924 2053 987 2089 ali-

398 2128 508 2164 quem
537 2121 653 2152 morte
688 2115 879 2160 amittunt,
918 2115 989 2151 hoc

398 2176 514 2212 solent
535 2181 675 2223 optare,
699 2181 742 2211 ut
761 2176 793 2211 is
812 2175 878 2223 qui
900 2175 990 2211 obiit

398 2239 439 2275 in
459 2242 575 2275 morte
593 2238 739 2286 quietus
762 2237 818 2274 sit.
864 2236 991 2285 Hujus-

398 2299 500 2336 modi
516 2300 678 2346 quietem
696 2300 826 2335 Marcia
845 2311 991 2346 quoque

397 2363 476 2400 filio
497 2362 659 2410 optabat,
681 2366 931 2409 quantumque
952 2362 991 2398 in

398 2438 435 2462 se
456 2429 551 2469 erat,
581 2424 616 2459 ei
637 2434 763 2470 parare
783 2423 988 2459 conabatur.

399 2487 487 2524 Ideo
503 2485 551 2522 de
569 2496 613 2521 eo
635 2483 793 2533 tacebat,
812 2496 932 2533 neque
943 2485 990 2521 de

1023 717 1068 742 eo
1076 705 1154 743 fere
1164 706 1353 753 cogitabat,
1362 707 1508 744 nolebat
1516 709 1615 745 enim

1023 766 1103 813 ejus
1136 766 1298 814 quietem
1329 767 1487 804 turbare.
1545 767 1616 804 Sed

1022 840 1139 878 quum
1148 829 1386 867 nihilominus
1395 830 1535 867 animus
1541 841 1614 866 ma-

1023 896 1148 926 ternus
1157 891 1274 927 filium
1284 892 1519 937 desideraret,
1538 891 1571 938 ej
1576 903 1617 927 us

1024 956 1177 988 mortem
1209 953 1250 989 in
1279 953 1491 990 memoriam
1513 964 1615 989 revo-

1024 1015 1149 1060 cahat,
1190 1020 1228 1051 et
1257 1016 1367 1052 tristis
1398 1017 1462 1053 illa
1492 1016 1616 1052 mortis

1024 1074 1194 1120 cogitatio
1220 1075 1396 1111 efficiebat
1414 1081 1456 1111 ut
1476 1087 1616 1122 semper

1023 1133 1173 1170 doleret.
1204 1134 1372 1171 Marciam
1393 1147 1478 1172 vero
1497 1148 1546 1172 ne
1564 1136 1615 1172 sic

1022 1194 1172 1242 quidem
1189 1195 1307 1231 filium
1324 1196 1490 1243 quietum
1499 1197 1618 1233 faeere

1023 1254 1129 1290 docet
1151 1255 1295 1293 Seneca.
1343 1256 1434 1293 Nam
1447 1256 1542 1293 filius
1548 1285 1560 1304 ,
1585 1258 1615 1294 si
1672 1258 1675 1261 *

1025 1328 1069 1353 ea
1088 1328 1182 1364 quae
1201 1317 1242 1352 in
1261 1318 1368 1354 terris
1388 1318 1521 1356 fiebant
1543 1320 1617 1355 ani-

1024 1378 1282 1424 madverteret,
1307 1381 1433 1415 anxius
1447 1381 1567 1427 potius
1581 1386 1618 1416 et

1024 1437 1208 1484 turbatus,
1252 1450 1363 1486 quam
1396 1452 1544 1477 securus
1561 1465 1565 1471 ι
1580 1447 1619 1477 et

1024 1500 1169 1547 quietus
1187 1499 1402 1537 redderetur
1414 1503 1484 1539 hoc
1494 1503 1618 1538 matris

1024 1561 1160 1597 dolore.
1186 1561 1291 1606 Quod
1306 1554 1442 1598 diserte
1457 1563 1619 1600 declarat

1026 1626 1146 1657 noster
1174 1622 1221 1656 ad
1244 1622 1366 1669 Polyb.
1385 1623 1512 1660 xxm.
1533 1624 1560 1672 §
1579 1625 1615 1661 4.

1026 1682 1127 1719 Illud
1135 1686 1269 1731 quoque
1286 1690 1319 1720 te
1328 1696 1400 1720 non
1410 1686 1616 1732 minimum,

1026 1745 1219 1792 adjuverit,
1234 1746 1270 1780 si
1279 1748 1491 1793 cogitaveris
1497 1774 1509 1792 ,
1525 1749 1618 1783 nulli

1024 1806 1144 1842 minus
1180 1812 1324 1856 gratum
1358 1820 1430 1844 esee
1468 1808 1619 1845 dolorem

1024 1874 1141 1912 tuum,
1173 1880 1280 1914 quam
1305 1870 1341 1903 ei
1363 1871 1425 1905 cui
1439 1872 1618 1917 praestari

1024 1928 1175 1965 videtur.
1228 1929 1398 1977 Tarquen·
1416 1931 1477 1966 ille
1501 1937 1533 1967 te
1553 1938 1617 1967 aut

1024 2003 1097 2027 non
1125 1991 1217 2036 vult,
1242 1999 1306 2027 aut
1332 2004 1405 2027 non
1432 1994 1617 2041 intelligit.

1025 2053 1136 2090 Nulla
1156 2055 1277 2102 itaque
1296 2056 1373 2103 ejus
1392 2053 1506 2101 officii
1524 2056 1618 2090 ratio

1026 2122 1095 2160 eet,
1113 2116 1207 2162 quod
1222 2117 1258 2151 ei
1274 2118 1337 2152 cui
1348 2123 1567 2165 praestatur,
1584 2119 1618 2152 si

1026 2175 1122 2210 nihil
1136 2176 1263 2222 centies,
1283 2189 1538 2225 supervacuum
1550 2184 1619 2223 eet,

1027 2238 1063 2274 ci
1082 2238 1205 2285 sentit,
1224 2239 1416 2288 ingratum.
1441 2237 1529 2275 Ideo
1535 2267 1546 2285 ,
1568 2240 1617 2276 ait

1027 2300 1176 2346 Seneca,
1207 2300 1318 2336 debes
1347 2299 1492 2335 Marcia!
1524 2301 1620 2348 cogi·

1027 2366 1104 2399 tare
1132 2367 1170 2399 et
1196 2361 1385 2399 nominare
1403 2360 1534 2399 filium:
1561 2369 1618 2401 ta-

1027 2425 1118 2469 lem,
1152 2423 1271 2472 qualis
1301 2423 1404 2458 vivus
1430 2429 1527 2471 erat,
1551 2425 1620 2460 tibi

1028 2489 1308 2533 repraesentare.
1335 2484 1499 2523 Converte
1513 2494 1546 2523 te
1562 2487 1619 2534 (ut
