1848 3122
779 273 862 317 109

209 408 347 454 culum
369 421 413 450 se
437 406 553 464 quasi
583 392 811 463 gustaturus
837 406 1030 463 contulit,
1058 414 1100 451 et
1123 407 1294 452 dimissis
1320 424 1422 466 pueae

209 485 286 537 ris,
329 482 526 540 quaedam
563 497 637 542 per
674 482 881 527 fenestram
896 517 909 540 ‚
949 492 996 527 ut
1030 485 1232 528 videretur
1270 484 1422 540 edisse,

208 559 394 618 proiecit:
430 574 454 601 a
478 574 597 603 coena
619 559 788 614 deinde,
816 562 930 618 quasi
955 562 1038 605 iam.
1056 563 1215 605 satisin
1235 561 1424 605 cubiculo

208 637 376 693 edisset,
406 638 616 681 abstinuit:
644 638 849 695 alteroque
866 638 951 692 die,
980 647 1021 681 et
1044 640 1160 682 tertio
1184 640 1292 682 idem
1313 639 1421 682 fecit.

207 712 381 768 Quarto,
419 713 505 770 ipsa
543 712 772 756 infirmitate
807 715 983 772 corporis
1013 714 1180 757 faciebat
1214 715 1420 758 indicium.

209 789 249 832 5.
280 790 519 847 Complexus
544 790 677 847 itaque
699 798 762 845 tc,
795 792 1083 845 »Cal-issima,’'
1109 792 1260 848 iuquit,
1289 790 1421 845 ))filia‚

207 874 278 910 »et
299 865 376 909 hoc
400 879 549 919 unum,
580 866 664 909 tota
689 866 815 909 celata
833 866 938 920 vita,
966 867 1042 909 iter
1062 867 1201 909 mortis
1223 867 1423 922 ingressus

208 957 354 995 nsum,
382 942 532 1003 etjam
556 942 735 984 medium
760 942 843 984 fere
860 950 989 994 teneo.
1047 944 1246 984 Revocare
1264 956 1331 983 me
1347 955 1424 983 nec

207 1016 359 1072 »debes
372 1048 385 1071 ,
424 1030 499 1060 nec
532 1019 691 1075 potes.'’
751 1017 885 1074 Atque
914 1018 969 1059 ita
994 1017 1132 1060 lumen
1165 1003 1283 1059 omne
1305 1030 1424 1073 prae-

206 1092 316 1135 cludi
340 1093 475 1147 iussit,
505 1100 546 1135 et
569 1106 611 1135 se
634 1093 673 1134 in
699 1092 872 1135 tenebris
893 1093 1083 1135 condidit.
1144 1093 1310 1149 Cognito
1327 1106 1420 1135 con-

205 1168 291 1211 silio
322 1169 430 1224 eius,
474 1169 638 1226 publica
662 1168 856 1226 'voluptas
887 1177 993 1223 erat,
1031 1169 1142 1226 quod
1178 1158 1202 1211 e
1238 1168 1421 1211 faucibus

203 1246 519 1288 avidissimorum
553 1245 742 1302 luporum
765 1245 1001 1288 educeretur
1027 1246 1185 1302 praeda.
1244 1245 1420 1288 Accusa-

202 1328 306 1365 tores
319 1353 331 1375 ‚
371 1321 510 1364 Seiano
542 1329 723 1375 auctore,
761 1320 910 1362 adeunt
941 1321 1150 1364 consulum
1187 1321 1419 1363 tribunalia:

201 1404 425 1453 queruntur
458 1397 560 1438 mori
585 1396 783 1449 Cordum,
812 1397 1107 1457 interpellantes
1139 1397 1249 1453 quod
1275 1399 1417 1452 coege-

199 1479 307 1514 rant:
346 1472 444 1514 adeo
478 1471 560 1513 illis
592 1471 745 1513 Cordus
777 1470 987 1513 videbatur
1020 1458 1204 1527 effligere.
1275 1471 1417 1528 Magna

198 1562 262 1590 res
294 1542 389 1590 erat¹
413 1549 456 1589 in
481 1548 732 1608 quaestione,
770 1562 823 1588 an
849 1555 977 1589 morte
1005 1550 1063 1590 rei
1094 1548 1413 1604 prohiberentur.

193 1729 315 1761 tamen
340 1724 609 1771 requirebatur3
646 1734 731 1758 nam
755 1723 786 1758 si
824 1724 964 1759 »modis
983 1723 1164 1769 efficiunt,
1185 1729 1227 1759 ut
1242 1725 1334 1760 alius
1342 1735 1417 1760 mo·

194 1798 288 1821 unus
329 1790 470 1820 tantum
499 1797 578 1820 rem
609 1785 783 1830 novisset5
822 1784 966 1820 »riendi
986 1784 1178 1819 consilium
1200 1785 1387 1830 abjiciam
1421 1826 1424 1829 ‚

192 1835 321 1882 ceteris
337 1845 499 1881 indicare
516 1850 553 1881 et
571 1850 687 1881 totum
700 1858 783 1882 eon·
869 1844 931 1880 An
948 1851 1054 1879 morte
1069 1845 1122 1878 rei
1131 1844 1411 1891 prohiberentur.

189 1907 314 1943 silium
335 1906 502 1942 frustrari
524 1907 708 1954 potuisset.
820 1904 849 1941 E
868 1906 1112 1953 complurium
1132 1904 1239 1942 codd.
1257 1905 1414 1961 lectione

207 2009 211 2012 ⁴
239 1970 431 2006 Revoeare.
467 1969 538 2004 Hac
568 1969 608 2004 in
637 1981 678 2004 re
702 1981 783 2016 pro-
821 1967 908 2003 fecit
946 1967 1102 2003 Muretus
1140 1980 1188 2003 an
1219 1975 1327 2003 morte
1359 1969 1433 2026 rei.

189 2029 326 2078 prium.
376 2030 449 2066 cie.
473 2030 612 2067 Tuscul.
632 2030 662 2067 Ι.
685 2029 711 2080 §
724 2030 783 2067 84.
814 2028 1052 2077 perderentur.
1088 2027 1199 2075 Lipsii
1216 2027 1331 2064 codex
1349 2027 1411 2063 da-

194 2092 296 2140 Quod
324 2105 347 2127 a
375 2093 452 2127 vita
476 2093 622 2138 quidam
634 2105 704 2141 per
722 2094 784 2127 in·
819 2090 881 2125 bat
894 2090 1172 2137 prohiberentur.
1214 2090 1344 2125 Mureti
1361 2090 1412 2126 le-

189 2152 306 2189 ediam
332 2152 512 2188 discedens
533 2150 718 2188 revocatur
737 2153 782 2188 ab
820 2151 978 2187 ctionem
1008 2151 1192 2198 praefero,
1225 2156 1261 2186 et
1281 2163 1411 2187 secun-

190 2217 331 2252 amicis.
378 2214 472 2250 Plin.
503 2214 580 2250 See.
611 2214 675 2261 Ep.
702 2214 782 2251 XII.
821 2213 911 2250 dum
930 2214 1009 2261 ejus
1027 2218 1148 2250 notam
1168 2213 1331 2260 explico.
1363 2226 1411 2250 an

188 2273 528 2313 Lih.1.Ed.Co1·tii
545 2279 582 2311 et
599 2275 790 2323 Longoliis
812 2277 993 2323 praemia,
1017 2287 1105 2322 quae
1127 2276 1410 2324 quadruplatores

188 2336 235 2377 ad
250 2348 361 2383 quem
376 2338 499 2375 locum
513 2341 668 2374 notatur.
686 2338 780 2374 »sre-
819 2351 838 2374 e
868 2339 1109 2375 damnatorum
1120 2338 1230 2374 -bonie
1254 2338 1415 2386 accipte-

187 2409 325 2446 »quens
353 2400 489 2437 locutio
521 2399 568 2436 de
597 2399 701 2447 illis,
697 2401 780 2448 qui
819 2400 921 2447 bant,
946 2407 1078 2436 mortuo
1098 2404 1156 2435 re'o
1169 2401 1406 2448 perderentur.

186 2461 413 2509 »suadendo‚
437 2463 591 2518 orando,
616 2468 680 2500 aut
700 2462 780 2500 aliis
821 2461 968 2499 Perdere
1009 2462 1201 2509 explicavit
1242 2461 1409 2498 Bai-thius

1844 561 1848 564 .
1839 317 1848 539 ....„-Aa.u.4;-1ffl·-.
1831 216 1841 235 '⁴⁴
1836 177 1839 182 ”
