1848 3122
1010 295 1093 338 118

444 429 581 476 Nescis
624 429 782 486 quantis
830 428 986 471 fortuna
1034 428 1218 484 procellis
1258 428 1456 474 disturbet
1496 430 1624 471 omnia
1635 429 1657 472 ’Β

441 520 562 564 quam
594 503 715 547 nullis
738 502 949 560 benignam
971 502 1207 562 facilemque
1232 517 1276 547 se
1293 505 1553 562 praestiterit,
1581 505 1657 548 nisi

441 582 512 638 qui
533 580 746 622 minimum
768 593 864 622 cum
887 580 954 622 illa
978 578 1281 623 contraxerant?
1321 579 1364 621 2.
1385 582 1563 637 Regesne
1586 582 1658 624 tibi

438 656 638 700 nominem
675 652 920 701 felicissimos
936 656 1128 710 ⁴futuros,
1163 656 1197 700 si
1224 656 1418 700 maturius
1438 656 1526 702 illos
1553 673 1657 702 mors

436 734 677 778 instantibus
706 734 966 777 subtraxisset
992 731 1140 776 malis?
1198 733 1263 775 An
1286 735 1483 776 Romanos
1508 735 1657 789 duces,

438 823 610 865 quorum
624 808 733 854 'nihil
753 808 1015 865 magnitudini
1037 809 1185 864 deerit,
1213 810 1248 852 si
1268 809 1419 867 aliquid
1440 811 1562 853 aetati
1582 811 1654 853 de-

437 884 632 928 traxeris?
652 900 704 928 an
722 885 987 928 nobilissimos
1005 885 1109 928 viros
1129 885 1442 943 clarissimosque
1462 886 1515 928 ad
1531 887 1657 929 ictum

436 963 617 1007 militaris
644 960 766 1019 gladii
791 963 1011 1019 composita
1036 962 1189 1006 cervice
1214 961 1433 1005 formatos?
1489 962 1657 1019 Respice

435 1046 593 1094 patrem
619 1047 740 1094 atque
767 1052 886 1080 avum
913 1046 1043 1080 tuum.
1104 1037 1145 1079 3.
1189 1037 1260 1081 Ille
1285 1038 1328 1079 in
1353 1038 1469 1079 alieni
1494 1052 1656 1094 percus-

432 1113 529 1156 soris
548 1113 658 1155 venit
682 1112 904 1155 arbitrium.
963 1112 1046 1168 Ego
1071 1112 1170 1154 nihil
1198 1114 1241 1155 in
1262 1126 1327 1154 me
1353 1113 1541 1169 cuiquam
1565 1127 1653 1170 per-

431 1188 545 1242 misi,
582 1196 623 1232 et
658 1187 749 1231 cibo
781 1186 1008 1245 prohibitus
1036 1187 1205 1245 ostendi.
1263 1187 1393 1241 Quam
1418 1201 1562 1243 magno
1587 1202 1655 1230 me

420 1317 585 1364 juvenile
605 1329 751 1361 aevum,
775 1316 857 1352 dum
879 1316 1024 1352 meliora

427 1384 633 1424 operantur,
678 1378 720 1411 in
749 1379 843 1425 flore
883 1376 1025 1412 deducit

428 1450 531 1474 mors.
579 1438 654 1474 Nisi
670 1438 832 1474 dicamus
847 1437 1023 1484 juvenem

427 1510 557 1545 capere
583 1511 685 1545 posse
706 1499 903 1535 satietatem
927 1498 1023 1533 vitae

427 1564 501 1596 tam
517 1561 647 1606 malae,
669 1571 780 1608 quam
798 1559 908 1606 vulgo
925 1571 1021 1595 vive-

427 1621 546 1656 batur.
596 1621 797 1656 Gronovius
828 1619 1020 1655 emendat:

430 1681 525 1728 quod
544 1682 638 1716 vitae
660 1681 929 1723 demonstratus,
949 1679 1023 1725 ipse

427 1756 464 1778 ee
496 1742 544 1778 ad
571 1743 735 1790 majores,
760 1739 933 1785 additque
954 1750 1022 1774 no·

427 1808 505 1839 tum
536 1807 589 1838 est
619 1799 878 1846 Virgilianum:
905 1806 1021 1835 oecon-

425 1865 508 1899 dem
528 1865 630 1900 tems
652 1862 745 1897 huno
771 1868 908 1897 tantum
918 1863 1018 1909 fata.

429 1925 534 1960 Vitae
566 1924 818 1959 demonstratus
849 1927 937 1957 tune
967 1926 1021 1957 est

424 1986 626 2022 hominihus
663 1985 927 2021 demonstratum.
983 1983 1020 2019 Si

424 2047 465 2082 in
485 2047 631 2092 vulgata
651 2058 770 2082 veram
791 2046 830 2080 in
851 2052 1019 2083 venturus

426 2113 608 2145 mutemus
637 2113 730 2146 totus
756 2108 856 2144 locus
884 2109 1018 2156 optime

424 2169 639 2217 respondeat
672 2170 926 2217 sequentibus,
961 2171 1017 2207 iis-

424 2243 520 2279 que,
555 2237 598 2268 ut
627 2231 690 2267 hic
716 2231 856 2278 requiri
882 2235 1016 2277 potest,

422 2293 644 2340 explicetur3
680 2293 788 2331 simul
820 2304 909 2329 vere
932 2294 1015 2329 reti·

423 2359 555 2391 neatur
585 2355 635 2390 sic
655 2355 811 2391 taedium
830 2352 930 2401 quod
949 2353 1013 2390 im-

423 2416 559 2453 mutari
576 2428 650 2452 non
672 2415 861 2452 debuisset.
886 2415 1014 2452 Probat

421 2478 485 2527 Ep.
516 2478 602 2516 XCI.
624 2477 650 2526 §
668 2477 717 2515 20
740 2478 806 2516 uhi
826 2482 946 2515 noster
965 2478 1011 2517 de

1063 1320 1201 1351 morte:
1235 1315 1288 1352 At
1311 1315 1404 1351 illud
1430 1317 1522 1362 scis,
1547 1328 1653 1363 quum

1063 1377 1185 1412 multis
1206 1377 1308 1412 utilis
1337 1377 1403 1422 sit,
1435 1388 1540 1424 quam
1559 1377 1653 1413 mul-

1062 1445 1115 1474 toe
1131 1438 1252 1474 liberet
1268 1439 1463 1483 tormentis,
1486 1445 1652 1487 egestate,

1061 1500 1232 1545 querelis,
1274 1499 1481 1546 cumliciie,
1521 1499 1650 1535 taedio.

1060 1559 1111 1594 Ex
1143 1559 1223 1596 cod.
1257 1559 1365 1595 scribi
1396 1564 1511 1607 potest
1541 1560 1651 1596 etiam

1062 1621 1154 1664 quod
1169 1622 1209 1653 in
1225 1621 1404 1655 deterioris
1419 1627 1530 1655 status
1540 1628 1650 1665 motu,

1062 1679 1136 1727 ipse
1159 1690 1213 1726 sq.
1279 1719 1282 1720 ⁷

1122 1739 1238 1784 Quam
1276 1752 1403 1788 magno
1447 1753 1501 1774 me
1527 1742 1648 1787 juvat.

1058 1800 1156 1835 Hanc
1176 1799 1296 1836 Ruhk.
1322 1800 1650 1847 interpunctionem

1061 1862 1167 1897 unice
1186 1862 1436 1908 excipiendam
1454 1868 1559 1909 puto,
1583 1869 1650 1899 »ut

1059 1936 1076 1956 υ
1083 1935 1188 1969 quam
1196 1942 1244 1949 -
1251 1924 1434 1971 scripsisse
1444 1924 1648 1960 membrum

1057 1984 1252 2020 »orationis
1279 1996 1345 2032 per
1375 1997 1413 2021 se
1436 1986 1647 2032 constituat,

1057 2046 1254 2093 »gaudium
1286 2047 1510 2094 exprimens,
1547 2047 1648 2095 quod

1056 2108 1337 2144 »convenienter
1345 2114 1509 2145 mortuus
1517 2109 1561 2145 sit
1569 2120 1646 2145 sen-

1056 2169 1203 2205 »tentiis
1217 2170 1369 2217 magnis,
1391 2183 1480 2219 quas
1493 2170 1646 2207 in-libro

1055 2243 1143 2268 »suo
1167 2235 1420 2279 expresserat.”
1444 2232 1501 2269 Sic
1519 2231 1642 2270 Ruhk.

1053 2293 1153 2329 hune
1186 2293 1309 2330 locum
1346 2293 1491 2340 egregie
1526 2294 1644 2341 expli-

1051 2366 1146 2392 casse
1184 2354 1278 2391 mihi
1314 2354 1469 2390 videtur.
1526 2354 1642 2391 Antea

1050 2416 1398 2466 quom—sompnum
1407 2426 1491 2452 cum
1500 2422 1640 2454 antece·

1050 2479 1151 2517 denti
1178 2477 1313 2516 ostendi
1338 2477 1635 2526 conjungebatur.
