1848 3122
800 312 882 354 115

219 449 253 489 si
285 443 404 486 modo
432 442 532 498 quid
554 443 596 482 in
623 442 693 483 illo
713 444 1036 498 pretiosissimum
1059 444 1200 496 fuerit,
1227 443 1424 499 intelligis.

138 561 140 564 ,
217 524 349 577 Imago
369 518 576 562 dumtaxat
598 517 673 562 filii
706 518 764 562 tui
797 520 939 577 periit,
969 527 1011 563 et
1031 520 1178 579 effigies
1200 533 1282 563 non
1298 519 1425 563 simil-

214 598 329 644 lima:
356 596 441 654 ipse
466 595 630 654 quidem
659 603 868 650 aeternus,
896 596 1143 655 meliorisque
1165 611 1274 640 nune
1294 602 1423 639 status

212 680 296 726 est,
336 672 577 730 despoliatus
617 673 802 716 oneribus
848 672 982 715 alienis
996 704 1010 728 ,
1053 682 1095 716 et
1129 674 1206 716 sibi
1242 674 1417 716 relictus.

209 746 251 789 4.
293 748 400 791 Haec
416 761 520 806 quae
540 747 649 794 vides
673 762 759 792 ossa
783 748 1069 792 circumvoluta
1093 749 1246 802 nervis,
1274 756 1317 790 et
1340 748 1415 791 ob-

207 823 372 866 ductam
403 830 561 876 eutem,
599 823 859 881 vultumque,
893 832 935 866 et
965 825 1162 867 ministras
1184 838 1349 877 manus,
1378 832 1420 866 et

205 905 334 941 cetera
358 898 506 955 quibus
533 895 703 942 involuti
731 912 870 941 sumus
883 928 896 953 ,
931 898 1091 941 vincula
1112 900 1331 941 animorum
1356 905 1417 940 te-

203 972 429 1029 nebraeque
463 981 570 1017 sunt.
639 973 833 1016 Obruitur
863 973 927 1015 his
961 973 1143 1027 animus,
1179 973 1419 1026 offuscatur,

202 1048 398 1102 inficitur,
436 1056 594 1092 arcetur
624 1062 650 1091 a
673 1049 776 1092 veris
801 1056 845 1091 et
868 1049 972 1102 suis,
1007 1049 1050 1090 in
1074 1047 1173 1091 falsa
1196 1049 1420 1091 coniectus:

201 1137 319 1165 omne
349 1123 407 1165 illi
439 1137 532 1165 eum
557 1123 634 1166 hae
656 1137 776 1165 carne
796 1123 904 1179 gravi
925 1130 1122 1167 certamen
1148 1131 1233 1176 est,
1261 1136 1315 1166 ne
1340 1123 1414 1164 ab·

200 1199 400 1242 strahatur
431 1207 474 1242 et
505 1198 629 1242 sidat:
671 1199 813 1242 nititur
843 1199 937 1253 illo,
974 1198 1083 1240 unde
1115 1198 1299 1242 dimissus
1332 1207 1414 1242 est:

197 1275 255 1318 ibi
288 1275 403 1318 illum
434 1283 592 1318 aeterna
627 1275 784 1331 requies
818 1282 974 1329 manet,
1004 1288 1032 1317 e
1052 1273 1223 1317 confusis
1252 1275 1411 1317 crassis·

197 1363 278 1408 que
305 1364 408 1407 pura
434 1358 477 1392 et
503 1350 654 1408 liquida
682 1351 887 1394 visentem.

254 1426 376 1470 XXV.
419 1426 590 1471 Proinde
617 1440 697 1470 non
728 1434 814 1481 est,
851 1427 965 1483 quod
993 1426 1048 1469 ad
1082 1425 1313 1484 sepulcrum
1335 1424 1410 1468 filii

195 1501 257 1543 tui
288 1515 442 1544 curras:
480 1502 650 1559 pessima
678 1502 783 1555 eius,
819 1509 863 1547 et
894 1502 971 1559 ipsi
994 1501 1292 1554 molaetissima,
1320 1501 1409 1544 istic

192 1577 344 1630 iaoent,
364 1591 451 1620 ossa
469 1578 716 1633 cineresque:
736 1591 817 1619 non
837 1578 961 1633 magis
980 1577 1087 1620 illius
1109 1585 1269 1634 parte„
1285 1591 1408 1633 quam

196 1657 325 1693 vaetoe
357 1650 512 1708 aliaque
536 1646 766 1707 tegumenta
788 1663 1012 1708 corporum.
1070 1652 1227 1706 Integer
1257 1650 1326 1693 ille
1347 1651 1410 1692 ni-

191 1726 329 1782 hilque
366 1728 409 1767 in
447 1728 561 1769 terris
595 1726 847 1781 relinquens,
885 1726 988 1780 fugit
1009 1734 1052 1768 et
1083 1734 1191 1769 totus
1218 1728 1406 1781 excessit:

189 1799 434 1857 paulumque
461 1813 582 1857 supra
602 1812 673 1842 nos
695 1807 985 1854 commoratus,
1011 1799 1111 1842 dum
1135 1808 1400 1857 expurgatur,

188 1883 229 1918 et
253 1875 494 1918 inhaerentia
524 1874 618 1918 vitia
643 1876 843 1932 situmque
868 1876 996 1919 omnis
1022 1876 1198 1918 mortalis
1223 1876 1309 1917 aevi
1331 1889 1400 1917 ex-

187 1952 313 2006 cutit,
349 1951 494 1994 deinde
521 1951 574 1994 ad
606 1951 760 1995 excelsa
785 1951 990 2007 sublatus,
1023 1952 1127 1995 inter
1153 1950 1286 1995 feliooe
1308 1965 1401 1994 eur·

235 2127 274 2163 A
292 2128 384 2162 veria
403 2132 438 2161 et
457 2126 546 2163 suis.
593 2125 652 2161 Sic
672 2124 773 2161 dedit
864 2126 971 2161 Totae
979 2126 1138 2161 excessit.
1164 2124 1400 2161 Totueinlmc

185 2187 374 2224 Pincianus
400 2197 467 2234 pro
496 2193 636 2223 arcetur
662 2200 686 2223 a
712 2187 772 2223 di-
808 2187 966 2224 formula
974 2187 1157 2223 usitatum.
1169 2186 1312 2234 Ep.cn.
1319 2185 1398 2234 §28

183 2251 294 2285 venie
309 2263 328 2285 e
346 2250 434 2285 nais.
457 2248 550 2284 Haec
565 2248 689 2295 magni
699 2249 771 2285 viri
814 2248 914 2284 Tm
926 2250 969 2283 in
984 2249 1133 2283 tenebris
1141 2248 1274 2282 vixisse
1285 2248 1397 2293 dim,

182 2310 386 2348 emendatio
401 2321 510 2359 quam
524 2309 569 2345 sit
584 2320 607 2344 e
622 2308 768 2346 eonsue-
808 2322 916 2358 quum
938 2316 1045 2346 totam
1073 2309 1183 2345 lucem
1213 2315 1307 2345 totus
1338 2310 1395 2345 ad-

181 2370 310 2407 tudine
350 2372 505 2424 Senecae
541 2371 669 2419 probat
703 2371 766 2418 Ep.
805 2373 971 2420 opens-is.
988 2370 1232 2407 neProvid.V.
1243 2370 1269 2419 §
1274 2372 1309 2408 6.
1319 2371 1392 2406 Nos

180 2430 308 2469 XXIII.
335 2432 361 2481 §
381 2434 406 2469 5
430 2434 478 2471 ad
501 2445 620 2470 verum
639 2433 767 2469 bonum
804 2433 892 2471 *laeti
919 2434 967 2470 aa
985 2432 1103 2468 omnia
1122 2434 1283 2481 essm-tes
1300 2433 1392 2479 coyt·-

179 2501 311 2542 specta,
335 2502 369 2530 et
392 2496 433 2531 de
457 2504 516 2532 tuo
536 2496 663 2545 gaude.
807 2503 934 2541 temus,
959 2495 1054 2530 nihil
1062 2496 1180 2541 perire
1201 2495 1242 2529 de
1265 2501 1391 2530 noem.

1159 2558 1219 2600 8*
