1848 3122
990 285 1046 326 70

412 430 549 466 menta
563 425 873 475 metuensssua,
903 434 1075 476 quorum
1099 421 1220 464 modo
1243 422 1399 477 inopia,
1427 419 1546 463 modo
1567 433 1632 462 co·

410 500 480 557 pia
514 498 736 554 rumpitur:
779 497 916 539 anxiae
949 495 1220 558 sollicitaeque
1253 496 1426 552 tutelae,
1467 496 1634 555 precarii

409 576 592 632 spiritus,
632 582 674 615 et
707 573 813 614 male
849 573 1071 627 haerentis,
1111 587 1231 628 quem
1259 586 1381 627 pavor
1403 575 1634 629 repentinus

409 649 638 691 adiectusve
670 661 720 689 ex
755 647 970 705 improviso
1005 662 1124 691 sonus
1159 645 1323 689 auribus
1352 648 1480 703 gravis
1514 662 1636 692 excu-
1703 677 1707 681 -

409 726 482 768 tit:
510 725 583 767 soli
609 738 768 781 semper
790 724 867 766 sibi
888 726 1180 767 nutrimentum
1202 724 1390 766 vitiosum
1411 731 1454 765 et
1477 725 1634 767 inutile.

410 799 452 842 3.
491 800 681 843 Miramur
705 800 748 841 in
767 799 844 842 hoc
867 806 1039 842 mortem
1059 799 1178 842 unius
1191 831 1204 854 ,
1233 800 1316 857 qua
1343 798 1508 856 singulis
1533 812 1636 857 opus

406 876 499 920 est?
559 876 765 933 Numquid
800 877 908 918 enim
940 884 987 920 ut
1021 861 1228 930 conradet,
1265 890 1329 919 res
1355 876 1489 932 magni
1517 874 1636 918 moli-

410 954 537 995 menti
568 951 663 995 est'?
722 952 831 995 Odor
858 953 927 994 ille
949 966 1145 1010 saporque
1158 984 1171 1007 ,
1201 959 1242 994 et
1265 952 1482 1008 lassitudo,
1510 959 1553 994 et
1576 951 1638 994 vi-

409 1028 523 1084 gilia,
553 1036 596 1070 et
620 1027 788 1081 humor,
818 1036 860 1070 et
882 1028 1022 1082 cibus,
1052 1036 1093 1070 et
1115 1016 1202 1070 ‘sine
1229 1028 1378 1084 quibus
1399 1029 1531 1070 vivere
1557 1041 1638 1069 non

407 1110 565 1160 potest,
594 1102 795 1144 mortifera
816 1110 925 1144 sunt.
985 1103 1249 1160 Quocumque
1273 1116 1317 1145 se
1342 1110 1498 1156 movet,
1521 1089 1636 1145 infir-

408 1178 557 1220 mitatis
588 1191 683 1219 suae
714 1178 848 1219 statim
880 1178 1109 1231 conscium,
1146 1191 1227 1219 non
1252 1191 1370 1219 omne
1394 1178 1552 1219 coelum
1578 1177 1638 1219 fe-

407 1265 523 1306 rens,
566 1266 761 1309 aquarum
800 1251 1043 1295 novitatibus
1056 1284 1069 1306 ‚
1112 1251 1296 1309 flatuque
1327 1266 1409 1295 non
1440 1251 1639 1295 familiaris

409 1342 549 1381 aurae,
579 1336 621 1370 et
652 1328 893 1370 tenuissimis
920 1328 1048 1370 causis
1074 1335 1196 1384 atque
1224 1327 1505 1370 offensionibus
1531 1341 1640 1370 mor-

409 1404 577 1459 bidum,
617 1412 757 1461 putre,
797 1405 1046 1458 causarium,
1084 1403 1188 1447 fletu
1215 1404 1337 1446 vitam
1369 1405 1639 1461 auspicatum:

408 1494 538 1536 quum
564 1480 726 1521 interim
749 1487 920 1536 quantos
954 1479 1154 1522 tumultus
1181 1478 1259 1521 hoc
1286 1487 1368 1521 tam
1394 1486 1643 1521 contemtum

407 1555 554 1597 animal
590 1554 755 1598 movet?
796 1556 839 1597 in
862 1562 1032 1611 quantas
1060 1555 1316 1611 cogitationes
1344 1554 1516 1598 oblitum
1544 1569 1642 1598 con-

463 1682 568 1717 Modo
592 1682 729 1729 inopia.
742 1708 751 1716 .
765 1707 775 1717 .
790 1707 799 1716 .
823 1681 1009 1728 rumpitur.

414 1741 531 1777 Credo
562 1746 603 1776 ut
625 1741 752 1786 tellus,
777 1752 889 1787 quae,
918 1751 1013 1787 aqua

414 1802 605 1837 deficiente
610 1828 621 1846 ‚
647 1802 758 1836 rimas
781 1801 868 1847 agit.

465 1863 546 1899 Soli
559 1874 694 1910 semper
706 1862 791 1897 sihi.
813 1862 927 1896 Locus
944 1859 1012 1895 dis-

414 1924 533 1960 ficilis.
593 1924 650 1959 Sic
692 1923 853 1969 explico:
902 1923 1013 1969 Saepe

415 1985 550 2022 accidit
588 1990 631 2019 ut
671 1985 781 2020 homo
827 1984 1016 2032 cujuslibet

419 2048 517 2090 ferae
536 2046 706 2094 pah-ulum
717 2046 792 2093 fiat
811 2045 868 2094 (ut
885 2046 936 2081 ait
952 2057 1014 2081 no-

417 2105 517 2153 ster).
560 2106 608 2141 lis
629 2117 716 2152 ergo
735 2105 1015 2141 nutrimentium

419 2172 473 2203 est
494 2167 596 2203 utile.
647 2167 690 2202 Se
713 2171 839 2202 contra
862 2167 1016 2202 vivendo

419 2240 562 2277 semper
571 2229 746 2276 depaseit5
761 2227 918 2264 vivendo
927 2240 1015 2264 sem·
1036 2234 1038 2237 ’

418 2303 487 2339 per
501 2292 655 2326 moritur
661 2306 671 2337 ;
689 2292 744 2326 sic
760 2291 829 2326 soli
842 2291 916 2325 sibi
930 2302 1015 2325 sem-

414 2366 483 2403 per
501 2360 553 2389 eat
571 2354 824 2399 nutrimentum
848 2353 1015 2389 vitiosum

417 2423 451 2452 et
471 2415 614 2451 inutile.
664 2414 743 2450 Non
764 2426 850 2450 cum
871 2413 1013 2451 Ruhk.:

417 2478 487 2514 »de
508 2478 618 2522 luxu,
651 2488 723 2524 quo
746 2476 910 2513 homines
933 2489 1013 2513 eor-

1051 1691 1143 1727 »pus
1162 1679 1317 1727 perdant
1325 1682 1360 1725 ‚'’
1382 1680 1532 1728 accipio.
1567 1680 1647 1717 Non

1051 1741 1151 1775 enim
1182 1752 1306 1775 omnes
1331 1741 1500 1776 luxuriae
1532 1741 1648 1777 dediti

1052 1813 1126 1837 esse
1163 1805 1331 1848 possunt3
1376 1801 1493 1837 multo
1525 1802 1647 1838 minus

1053 1874 1176 1899 omnes
1212 1874 1352 1910 semper
1393 1862 1646 1899 luxuriantur:

1053 1924 1144 1960 haee
1174 1928 1298 1959 autem
1317 1924 1513 1969 sententia,
1537 1929 1579 1959 ut
1600 1924 1647 1960 de

1055 1985 1223 2021 omnibus
1241 1985 1355 2029 dicta,
1374 1985 1413 2020 in
1430 1997 1554 2021 omnes
1563 1997 1647 2021 eon·

1055 2047 1177 2082 veniat
1223 2058 1368 2082 necesse
1408 2051 1471 2082 est.
1539 2046 1650 2093 Lipsii

1055 2108 1103 2144 ad
1131 2108 1231 2143 hunc
1262 2107 1385 2144 locum
1418 2107 1530 2143 verba
1560 2107 1649 2144 huic

1528 2168 1648 2205 »Nam

1055 2230 1172 2266 »aliae
1203 2231 1400 2267 animantes
1432 2234 1469 2265 et
1497 2241 1582 2276 nos,
1611 2235 1649 2266 et

1055 2293 1176 2328 »inter
1216 2305 1254 2329 se
1295 2293 1411 2327 alunt.
1478 2290 1536 2326 An
1577 2291 1648 2328 hoc

1055 2355 1176 2401 »vult‚
1191 2355 1379 2391 hominem
1406 2366 1428 2390 a
1447 2366 1484 2390 se
1505 2354 1649 2403 depasci

1054 2417 1290 2463 »paullatim‚
1335 2420 1371 2450 et
1412 2415 1458 2451 ad
1493 2421 1647 2453 mortem

1054 2478 1132 2513 »ire
1141 2479 1183 2514 '?''

1055 2170 1288 2217 explicationi
1329 2170 1453 2206 favent
1464 2183 1472 2203 ι
