1848 3122
966 302 1011 340 16

411 441 489 471 tem
511 431 554 470 in
582 429 698 470 finem
723 428 902 469 orationis
929 426 1089 469 differre
1110 428 1295 482 solerent,
1313 429 1455 472 Seneca
1472 444 1566 487 quo-

412 517 490 558 que
513 503 604 556 jure
629 501 734 561 hgec,
749 501 877 542 omnia
897 500 939 539 in
966 500 1085 541 finem
1112 500 1378 543 consolationis
1395 503 1570 559 posuisse

411 572 599 615 dicendus
639 584 708 614 est.
774 572 887 614 Conf.
926 572 1083 625 Quinct.
1126 574 1222 614 Inst.
1255 573 1360 615 Orat.
1387 574 1473 616 Lib.
1503 573 1569 615 lv.

411 645 504 700 Cap.
532 645 563 686 Ι.
590 660 632 700 Ρ.
664 646 756 687 304.
786 656 825 686 et
858 655 947 686 nota
978 660 1059 685 mea
1087 643 1135 686 ad
1170 643 1264 699 Cap.
1301 644 1493 698 xxV1.§
1535 647 1567 685 1.

410 717 548 756 verba.
579 715 690 756 Puta
725 718 872 771 itaque.

945 822 1067 837 ψ

435 893 730 944 Personarum,
761 908 861 947 quae
887 895 1064 934 maxime
1097 896 1143 933 in
1173 907 1330 934 censum
1357 895 1543 944 veniunt,

883 965 1107 1019 deecriptio.

465 1072 608 1112 Marcia
633 1071 773 1112 nobilis
799 1071 875 1111 fuit
899 1082 1084 1112 matrona.
1129 1071 1176 1111 Id
1206 1071 1266 1112 vel
1291 1087 1337 1112 ex
1366 1072 1444 1112 hoc
1470 1082 1576 1128 patet

411 1142 520 1197 quod
559 1143 706 1183 Liviam
746 1144 959 1194 Augustam
1000 1141 1237 1182 familiariter
1283 1142 1401 1183 coluit
1444 1143 1570 1196 (cons.

409 1229 495 1268 cap.
525 1213 579 1252 IV
607 1216 631 1266 §
669 1214 728 1266 1),
770 1223 809 1252 et
842 1226 997 1263 magnos
1029 1213 1132 1253 viros
1164 1213 1348 1253 affinitate
1372 1213 1449 1253 sibi
1485 1228 1574 1253 con-

406 1286 567 1337 junctos
593 1285 733 1325 habuit
754 1284 856 1339 (cap.
885 1284 918 1325 I.
949 1287 973 1336 §
1007 1286 1061 1337 6).
1115 1283 1263 1325 Studiis
1295 1300 1316 1324 a
1343 1296 1456 1340 patre
1487 1284 1574 1325 Gre-

411 1357 536 1396 mutio
552 1355 682 1396 Cordo
700 1366 899 1410 tamquam
915 1355 1148 1395 hereditario
1163 1356 1267 1395 bono
1282 1356 1450 1411 acceptis
1468 1354 1572 1410 (cap.

410 1428 442 1468 Ι.
473 1430 496 1481 5
530 1428 569 1481 6)
597 1427 802 1467 informata
822 1427 911 1467 fuit.
966 1427 1062 1479 Ejus
1086 1441 1241 1467 morum
1255 1427 1476 1479 elegantiam
1493 1441 1577 1467 eru-

408 1498 679 1554 ditionemque
705 1508 866 1538 testatur
893 1508 1025 1538 noster
1052 1497 1156 1553 (cap.
1173 1498 1205 1538 1.
1232 1500 1255 1552 §
1278 1499 1295 1539 l
1316 1508 1355 1538 et
1374 1501 1397 1551 §
1417 1500 1465 1549 6,
1484 1512 1570 1554 cap.

408 1571 513 1610 VIII.
544 1573 567 1623 §
594 1571 663 1623 2);
699 1569 767 1609 sed
798 1568 922 1609 multo
946 1568 1160 1609 evidentius
1190 1584 1237 1610 eo
1262 1571 1428 1624 probat,
1464 1568 1574 1624 quod

407 1639 645 1697 praeclaram
673 1639 779 1679 illam
804 1639 1106 1680 consolationem
1136 1651 1218 1680 tute
1253 1651 1293 1680 et
1324 1656 1415 1681 cum
1440 1642 1576 1683 fructu

408 1713 504 1751 huic
536 1711 688 1764 mulieri
717 1713 954 1751 committere
979 1725 1019 1750 se
1051 1725 1164 1764 posse
1185 1713 1375 1751 statuerit.
1428 1713 1576 1764 Insigni

407 1782 485 1823 fuit
508 1783 651 1838 pietate
677 1782 720 1821 in
745 1792 895 1837 patrem
909 1799 922 1834 3
954 1782 1066 1834 cujus
1092 1797 1113 1821 a
1142 1782 1281 1834 Sejano
1306 1783 1482 1835 exagitati
1510 1798 1573 1825 vo-

405 1854 612 1894 luntariam
628 1864 792 1893 mortem
803 1884 814 1904 ,
839 1853 1029 1909 quamdiu
1045 1854 1141 1892 ratio
1157 1852 1360 1904 suadebat,
1374 1854 1571 1908 inhibuit3

408 1925 474 1966 sed
509 1924 619 1966 aliter
647 1941 668 1965 a
696 1935 807 1981 patre
848 1926 1035 1966 moriente
1073 1924 1211 1967 edocta
1239 1941 1320 1967 non
1351 1925 1571 1982 impedivit.

409 1998 530 2049 cujus
553 1999 610 2037 rei
632 1997 807 2037 dolorem
839 2012 969 2037 coram
998 2009 1109 2053 patre
1137 1999 1347 2053 repressit,
1374 2009 1464 2053 post
1488 2000 1573 2051 ejus

410 2069 562 2109 obitum
596 2082 688 2109 vero
726 2067 854 2124 palam
890 2067 1121 2120 declaravit,
1149 2083 1224 2110 nec
1256 2067 1377 2111 seculi
1404 2069 1575 2125 impieta-

410 2152 489 2181 tem
529 2151 685 2191 secuta,
719 2155 791 2180 nec
823 2140 964 2180 Tiberii
1000 2141 1246 2195 tyrannidem
1283 2142 1415 2182 verita.
1469 2141 1576 2180 Prae-

413 2211 533 2252 claros
570 2212 694 2267 patris
724 2210 843 2252 libros
858 2242 870 2262 ,
900 2226 998 2267 quos
1032 2212 1194 2253 Senatus
1227 2227 1299 2268 per
1330 2211 1468 2253 aediles
1497 2226 1577 2255 cre-

411 2282 572 2323 mandos
598 2294 798 2324 censuerat
823 2283 959 2336 (Tacit.
978 2284 1081 2323 Ann.
1100 2284 1168 2335 IV,
1190 2284 1279 2338 35),
1305 2293 1458 2338 praeter
1483 2281 1573 2323 alios

411 2354 554 2396 Marcia
587 2370 747 2411 quoque
781 2353 990 2396 occultavit
1004 2387 1015 2408 ‚
1048 2356 1297 2412 primamque
1336 2354 1572 2396 occasionem

409 2442 472 2468 eos
500 2428 641 2466 iterum
658 2428 700 2465 in
716 2426 846 2466 lucem
862 2426 1003 2466 edendi
1019 2429 1209 2482 arripuit,
1240 2425 1415 2479 (Consol.
1434 2441 1520 2481 cap.
1538 2427 1571 2467 1.

412 2503 435 2554 §
465 2502 489 2542 3
515 2509 554 2541 et
581 2499 654 2542 Dio
681 2498 813 2550 LVII,
845 2498 927 2554 24).
