1848 3122
787 300 868 343 117

213 447 350 489 tuum,
379 436 546 488 Marcia,
575 436 640 477 cui
659 442 812 477 tantum
839 435 949 493 apud
977 442 1018 476 te
1043 434 1285 477 auctoritatis
1313 443 1417 489 erat,

212 518 407 570 quantum
440 510 513 552 tibi
542 510 652 568 apud
690 509 818 552 filium
852 518 994 564 tuum,
1031 524 1111 553 non
1145 510 1214 553 illo
1241 511 1420 566 ingenio,

211 601 292 644 quo
317 586 444 628 civilia
469 586 575 629 bella
597 585 786 640 deflevit,
814 600 895 643 quo
917 586 1204 643 proscribentes
1228 587 1270 627 in
1293 592 1421 627 aeter-

209 676 308 703 num
339 663 422 719 ipse
455 663 706 720 proscripsit,
736 663 808 706 sed
842 670 951 704 tanto
974 662 1156 717 elatiore,
1186 671 1337 719 quanto
1360 670 1422 705 est

210 739 293 794 ipse
318 739 545 791 sublimior,
574 739 726 780 dicere:
758 739 869 782 »Cur
891 746 952 791 te,
980 738 1084 791 filia,
1115 747 1199 780 tam
1220 739 1336 794 longa
1357 746 1421 780 te-

209 821 277 856 net
301 812 533 870 aegritudo?
591 815 672 856 Cur
693 815 734 855 in
759 821 870 855 tanta
890 815 971 855 veri
996 814 1215 870 ignorantia
1235 813 1420 864 versaris,

209 898 256 931 ut
282 891 416 945 inique
439 896 574 930 actum
605 889 754 931 iudices
779 903 875 931 cum
896 889 980 930 filio
1002 896 1097 941 tuo,
1134 889 1245 943 quod
1270 890 1312 929 in
1336 896 1421 929 tae-

209 963 321 1006 dium
351 977 485 1007 versus
518 965 643 1018 vitae,
679 964 764 1020 ipse
783 963 836 1005 ad
859 963 1023 1006 maiores
1047 977 1090 1005 se
1118 964 1269 1020 recepit
1294 961 1420 1006 suos?

209 1137 298 1182 siut,
322 1149 389 1173 nec
407 1150 465 1173 ne.
502 1137 676 1184 Suffragia
696 1142 797 1172 erant

210 1198 408 1246 aequaliter
432 1199 554 1234 divisa.

205 1271 322 1303 ςΗιῐιιιν
342 1272 413 1302 ἴσαι
432 1283 518 1312 πως,
552 1273 632 1315 πρὶν
653 1272 670 1302 ὅ
691 1282 798 1303 ποικι-

346 1326 490 1365 λόφρων,

212 1380 329 1418 Κόπις,
348 1381 521 1420 ἧδυλόγος,
540 1381 797 1422 δημοχαριστὴς,

211 1434 423 1475 Λαερτιάδης
443 1437 560 1465 πείθει
582 1436 737 1477 στρατιὰν
749 1456 759 1472 ,

213 1486 271 1526 Μὴ
290 1489 346 1518 τὸν
364 1487 494 1529 ἄριστον
505 1488 643 1518 Δαναῶν
654 1489 798 1526 πάντων,

211 1541 344 1571 Aetam
352 1543 495 1581 σφαγίων
505 1543 624 1580 οὕνεκ’,
634 1543 798 1581 ἀπωθεῖν,

213 1594 313 1636 Μηδὲ
334 1598 399 1627 τιν’
421 1598 530 1627 εἰπεῖν
552 1598 642 1638 παρὰ
667 1597 802 1638 Περσε-

348 1650 430 1691 φόνῃ

213 1704 353 1734 Σταντα
363 1704 546 1742 φθιμένων,
564 1702 624 1737 «ὥς
633 1702 803 1743 ἀχάριστοι

215 1757 364 1788 »Δαναοὶ
384 1757 547 1793 Δαναοῖς,
578 1761 647 1790 τοῖς
667 1756 801 1795 οἰχομέ-

347 1822 415 1845 σοις

214 1864 327 1906 »Υπὲρ
346 1864 513 1903 Ἑλλήνων
524 1877 542 1902 ,’

214 1920 359 1963 »Τροίας
379 1919 504 1950 πεδίων
525 1918 736 1958 ἀπέβησαν.”

214 1993 275 2029 His
284 1993 431 2028 demum
447 1991 581 2028 mortui
596 1991 714 2027 verbis
722 2003 800 2039 pro-

214 2055 315 2100 latis,
346 2054 560 2102 Polyxenam
578 2053 803 2090 mactandam

216 2120 373 2153 censent.

264 2179 489 2225 Pro-scripsit.
536 2178 693 2225 Respicit
725 2178 804 2213 uni-

217 2250 319 2276 verso
348 2239 395 2276 ad
422 2240 606 2275 historiam
625 2240 804 2277 bellorum

218 2300 401 2347 civilium,
417 2302 456 2336 in
471 2312 544 2348 qua
559 2300 694 2337 scelera
707 2302 804 2348 prin-

219 2362 358 2409 cipum,
383 2368 419 2398 et
439 2363 709 2411 proscriptiones
729 2367 806 2400 atro

220 2423 375 2459 carbone
405 2425 563 2470 notavit,
597 2423 729 2460 deinde
761 2424 808 2461 ad

221 2485 332 2522 verba
376 2485 460 2532 illa,
504 2486 634 2533 quihus
674 2485 809 2523 Cordus

835 1136 988 1172 Brutum
1007 1143 1041 1172 et
1068 1137 1229 1173 Cassium
1252 1137 1427 1173 Romano-

780 1238 784 1243 ,
835 1210 913 1232 rum
950 1198 1092 1232 ultimos
1128 1198 1258 1233 dixisse
1288 1197 1425 1241 fertur,

837 1259 948 1307 (Suet.
967 1259 1008 1293 in
1026 1258 1101 1294 Tib.
1124 1259 1206 1305 Cap.
1229 1257 1304 1306 61),
1325 1263 1363 1293 et
1376 1259 1427 1292 sic

837 1319 991 1354 nefarios
1027 1319 1107 1354 illos
1145 1319 1246 1366 quasi
1277 1318 1428 1365 proscri-

836 1380 943 1427 psisse
972 1378 1128 1415 videtur.
1176 1379 1347 1415 Similiter
1370 1378 1428 1413 Se-

836 1452 925 1476 neca
943 1445 1045 1487 pater
1064 1442 1160 1476 Suas.
1183 1440 1248 1475 VII
1264 1440 1311 1475 de
1329 1439 1426 1474 Cice-

836 1513 924 1537 rone
954 1508 987 1536 et
1013 1513 1084 1536 uno
1107 1502 1326 1549 proscriptus
1351 1512 1426 1535 eae-

838 1563 916 1598 culo
969 1564 1168 1610 proscribes
1230 1562 1429 1598 Antonium

841 1624 1014 1668 omnibus,

889 1685 939 1720 In
977 1685 1133 1720 taedium
1171 1697 1288 1720 versus
1323 1686 1428 1719 vitae.

840 1746 1034 1792 Corruptus
1071 1746 1181 1782 locus.
1240 1746 1377 1792 Lipsius
1410 1757 1430 1780 e

838 1806 963 1842 codice
996 1806 1059 1841 uhi
1086 1806 1241 1852 legitur:
1274 1806 1368 1852 quod
1387 1807 1430 1840 in

838 1875 870 1903 te
891 1868 1011 1902 domus
1028 1874 1160 1913 status,
1184 1868 1226 1901 in
1242 1873 1273 1902 te
1288 1868 1364 1914 ipse
1381 1866 1430 1901 ad

838 1931 1006 1978 majores,
1041 1929 1197 1976 conjecit
1228 1928 1321 1976 quod
1350 1929 1428 1963 sine

839 1991 974 2037 taedio,
1007 1998 1106 2027 satur
1141 1992 1235 2027 vitae
1274 1991 1349 2037 ipse
1382 1990 1430 2024 ad

840 2055 997 2103 majores.
1057 2052 1266 2088 Emendatio
1296 2051 1430 2087 acutis-

841 2117 949 2161 sima,
982 2126 1075 2162 quae
1106 2120 1228 2151 tamen
1256 2126 1303 2151 an
1326 2124 1429 2149 sensu

841 2190 928 2214 vera
942 2178 988 2213 sit
1002 2177 1141 2214 dubito.
1168 2177 1322 2213 satietas
1336 2176 1430 2210 vitae

842 2241 884 2275 in
902 2240 1071 2275 iuvenem
1098 2249 1345 2285 nequaquam,
1369 2234 1431 2271 sed

843 2302 883 2337 in
904 2312 1025 2337 senem
1044 2299 1173 2335 cadere
1193 2298 1351 2335 videtur.
1375 2299 1431 2333 Se-

844 2375 936 2401 neca
961 2362 1057 2399 testis
1083 2361 1207 2410 (hujus
1237 2374 1331 2398 cons.
1355 2370 1432 2405 cap.

846 2424 920 2475 XX)
941 2426 1015 2461 sive
1035 2424 1231 2459 satietatem
1251 2429 1312 2458 atat
1329 2421 1436 2456 lassi-

849 2488 1006 2524 tudinem
1034 2486 1130 2522 senis
1153 2485 1339 2530 terminat,
1364 2482 1439 2517 sive
