<?xml version="1.0" encoding="UTF-8"?>
<!DOCTYPE html PUBLIC "-//W3C//DTD XHTML 1.0 Transitional//EN"
    "http://www.w3.org/TR/xhtml1/DTD/xhtml1-transitional.dtd">
<html xmlns="http://www.w3.org/1999/xhtml" xml:lang="en" lang="en">
 <head>
  <title>
</title>
<meta http-equiv="Content-Type" content="text/html;charset=utf-8" />
  <meta name='ocr-system' content='tesseract 3.04.00' />
  <meta name='ocr-capabilities' content='ocr_page ocr_carea ocr_par ocr_line ocrx_word'/>
</head>
<body>
  <div class='ocr_page' id='page_1' title='image "4737360_0121.png"; bbox 0 0 1848 3122; ppageno 0'>
   <div class='ocr_carea' id='block_1_1' title="bbox 772 311 891 356">
    <p class='ocr_par' dir='ltr' id='par_1_1' title="bbox 772 311 891 356">
     <span class='ocr_line' id='line_1_1' title="bbox 772 311 891 356; baseline 0 -1"><span class='ocrx_word' id='word_1_1' title='bbox 772 311 855 356; x_wconf 86' lang='lat'><strong>105</strong></span> <span class='ocrx_word' id='word_1_2' title='bbox 887 336 891 339; x_wconf 90' lang='lat'><em>-</em></span> 
     </span>
    </p>
   </div>
   <div class='ocr_carea' id='block_1_2' title="bbox 177 427 1425 1940">
    <p class='ocr_par' dir='ltr' id='par_1_2' title="bbox 177 427 1425 1940">
     <span class='ocr_line' id='line_1_2' title="bbox 207 427 1424 501; baseline -0.001 -11"><span class='ocrx_word' id='word_1_3' title='bbox 207 445 298 490; x_wconf 88' lang='lat' dir='ltr'><strong>Non</strong></span> <span class='ocrx_word' id='word_1_4' title='bbox 320 443 383 486; x_wconf 78' lang='lat' dir='ltr'><strong>est</strong></span> <span class='ocrx_word' id='word_1_5' title='bbox 404 442 544 500; x_wconf 71' lang='lat' dir='ltr'><strong>,itaque</strong></span> <span class='ocrx_word' id='word_1_6' title='bbox 565 427 688 501; x_wconf 68' lang='lat' dir='ltr'><strong>quod</strong></span> <span class='ocrx_word' id='word_1_7' title='bbox 701 445 758 489; x_wconf 85' lang='lat' dir='ltr'><strong>sic</strong></span> <span class='ocrx_word' id='word_1_8' title='bbox 778 452 820 488; x_wconf 88' lang='lat' dir='ltr'><strong>te</strong></span> <span class='ocrx_word' id='word_1_9' title='bbox 843 456 1001 489; x_wconf 66' lang='lat' dir='ltr'><strong>onerae:</strong></span> <span class='ocrx_word' id='word_1_10' title='bbox 1029 444 1165 488; x_wconf 88' lang='lat' dir='ltr'><strong>Potuit</strong></span> <span class='ocrx_word' id='word_1_11' title='bbox 1189 442 1341 488; x_wconf 82' lang='lat' dir='ltr'><strong>diutius</strong></span> <span class='ocrx_word' id='word_1_12' title='bbox 1360 446 1424 489; x_wconf 81' lang='lat' dir='ltr'><strong>vi·-</strong></span> 
     </span>
     <span class='ocr_line' id='line_1_3' title="bbox 208 520 1424 579; baseline 0 -16"><span class='ocrx_word' id='word_1_13' title='bbox 208 534 312 563; x_wconf 85' lang='lat' dir='ltr'><strong>vere.</strong></span> <span class='ocrx_word' id='word_1_14' title='bbox 371 521 459 563; x_wconf 93' lang='lat' dir='ltr'><strong>Non</strong></span> <span class='ocrx_word' id='word_1_15' title='bbox 492 527 553 564; x_wconf 87' lang='lat' dir='ltr'><strong>est</strong></span> <span class='ocrx_word' id='word_1_16' title='bbox 585 520 805 578; x_wconf 72' lang='lat' dir='ltr'><strong>inteirupta</strong></span> <span class='ocrx_word' id='word_1_17' title='bbox 828 523 914 564; x_wconf 88' lang='lat' dir='ltr'><strong>eius</strong></span> <span class='ocrx_word' id='word_1_18' title='bbox 949 521 1050 576; x_wconf 83' lang='lat' dir='ltr'><strong>vita,</strong></span> <span class='ocrx_word' id='word_1_19' title='bbox 1078 536 1152 565; x_wconf 90' lang='lat' dir='ltr'><strong>nec</strong></span> <span class='ocrx_word' id='word_1_20' title='bbox 1176 535 1357 579; x_wconf 86' lang='lat' dir='ltr'><strong>unquam</strong></span> <span class='ocrx_word' id='word_1_21' title='bbox 1381 535 1424 564; x_wconf 91' lang='lat' dir='ltr'><strong>se</strong></span> 
     </span>
     <span class='ocr_line' id='line_1_4' title="bbox 205 597 1425 655; baseline 0 -15"><span class='ocrx_word' id='word_1_22' title='bbox 205 597 318 653; x_wconf 78' lang='lat' dir='ltr'><strong>annis</strong></span> <span class='ocrx_word' id='word_1_23' title='bbox 343 611 455 640; x_wconf 86' lang='lat' dir='ltr'><strong>casus</strong></span> <span class='ocrx_word' id='word_1_24' title='bbox 488 598 694 640; x_wconf 87' lang='lat' dir='ltr'><strong>interiecit.</strong></span> <span class='ocrx_word' id='word_1_25' title='bbox 753 597 926 639; x_wconf 78' lang='lat' dir='ltr'><strong>Solvitur</strong></span> <span class='ocrx_word' id='word_1_26' title='bbox 952 598 1060 654; x_wconf 87' lang='lat' dir='ltr'><strong>quod</strong></span> <span class='ocrx_word' id='word_1_27' title='bbox 1084 599 1228 654; x_wconf 88' lang='lat' dir='ltr'><strong>cuique</strong></span> <span class='ocrx_word' id='word_1_28' title='bbox 1253 598 1425 655; x_wconf 89' lang='lat' dir='ltr'><strong>promis-</strong></span> 
     </span>
     <span class='ocr_line' id='line_1_5' title="bbox 206 672 1422 730; baseline 0.002 -16"><span class='ocrx_word' id='word_1_29' title='bbox 206 686 298 714; x_wconf 90' lang='lat' dir='ltr'><strong>sum</strong></span> <span class='ocrx_word' id='word_1_30' title='bbox 325 680 407 715; x_wconf 87' lang='lat' dir='ltr'><strong>est:</strong></span> <span class='ocrx_word' id='word_1_31' title='bbox 437 680 536 715; x_wconf 88' lang='lat' dir='ltr'><strong>eunt</strong></span> <span class='ocrx_word' id='word_1_32' title='bbox 557 674 619 715; x_wconf 84' lang='lat' dir='ltr'><strong>via</strong></span> <span class='ocrx_word' id='word_1_33' title='bbox 641 687 714 716; x_wconf 90' lang='lat' dir='ltr'><strong>sua</strong></span> <span class='ocrx_word' id='word_1_34' title='bbox 736 672 838 727; x_wconf 81' lang='lat' dir='ltr'><strong>fata,</strong></span> <span class='ocrx_word' id='word_1_35' title='bbox 866 687 941 716; x_wconf 90' lang='lat' dir='ltr'><strong>nec</strong></span> <span class='ocrx_word' id='word_1_36' title='bbox 963 674 1153 717; x_wconf 87' lang='lat' dir='ltr'><strong>adiiciunt</strong></span> <span class='ocrx_word' id='word_1_37' title='bbox 1175 674 1422 730; x_wconf 82' lang='lat' dir='ltr'><strong>quidquam,</strong></span> 
     </span>
     <span class='ocr_line' id='line_1_6' title="bbox 187 749 1423 806; baseline 0.002 -16"><span class='ocrx_word' id='word_1_38' title='bbox 187 751 281 790; x_wconf 70' lang='lat' dir='ltr'><strong>‘nec</strong></span> <span class='ocrx_word' id='word_1_39' title='bbox 311 762 359 791; x_wconf 86' lang='lat' dir='ltr'><strong>ex</strong></span> <span class='ocrx_word' id='word_1_40' title='bbox 387 749 579 806; x_wconf 91' lang='lat' dir='ltr'><strong>promisso</strong></span> <span class='ocrx_word' id='word_1_41' title='bbox 600 749 722 792; x_wconf 90' lang='lat' dir='ltr'><strong>semel</strong></span> <span class='ocrx_word' id='word_1_42' title='bbox 752 749 943 793; x_wconf 87' lang='lat' dir='ltr'><strong>demunt:</strong></span> <span class='ocrx_word' id='word_1_43' title='bbox 971 749 1117 793; x_wconf 86' lang='lat' dir='ltr'><strong>frustra</strong></span> <span class='ocrx_word' id='word_1_44' title='bbox 1142 757 1233 792; x_wconf 83' lang='lat' dir='ltr'><strong>vota</strong></span> <span class='ocrx_word' id='word_1_45' title='bbox 1259 764 1307 792; x_wconf 85' lang='lat' dir='ltr'><strong>ac</strong></span> <span class='ocrx_word' id='word_1_46' title='bbox 1333 757 1423 792; x_wconf 90' lang='lat' dir='ltr'><strong>stu·</strong></span> 
     </span>
     <span class='ocr_line' id='line_1_7' title="bbox 207 823 1422 882; baseline 0.001 -17"><span class='ocrx_word' id='word_1_47' title='bbox 207 824 273 865; x_wconf 90' lang='lat' dir='ltr'><strong>dia</strong></span> <span class='ocrx_word' id='word_1_48' title='bbox 308 831 414 866; x_wconf 86' lang='lat' dir='ltr'><strong>sunt.</strong></span> <span class='ocrx_word' id='word_1_49' title='bbox 478 823 545 865; x_wconf 89' lang='lat'><strong>12.</strong></span> <span class='ocrx_word' id='word_1_50' title='bbox 587 825 759 867; x_wconf 84' lang='lat' dir='ltr'><strong>Habebit</strong></span> <span class='ocrx_word' id='word_1_51' title='bbox 788 827 979 881; x_wconf 89' lang='lat' dir='ltr'><strong>quisque,</strong></span> <span class='ocrx_word' id='word_1_52' title='bbox 1018 833 1214 882; x_wconf 89' lang='lat' dir='ltr'><strong>quantum</strong></span> <span class='ocrx_word' id='word_1_53' title='bbox 1245 825 1305 866; x_wconf 91' lang='lat' dir='ltr'><strong>illi</strong></span> <span class='ocrx_word' id='word_1_54' title='bbox 1336 824 1422 866; x_wconf 69' lang='lat' dir='ltr'><strong>dies</strong></span> 
     </span>
     <span class='ocr_line' id='line_1_8' title="bbox 203 898 1422 956; baseline 0.001 -15"><span class='ocrx_word' id='word_1_55' title='bbox 203 899 358 956; x_wconf 87' lang='lat' dir='ltr'><strong>primus</strong></span> <span class='ocrx_word' id='word_1_56' title='bbox 382 898 602 955; x_wconf 81' lang='lat' dir='ltr'><strong>adscripsit.</strong></span> <span class='ocrx_word' id='word_1_57' title='bbox 645 900 702 942; x_wconf 89' lang='lat' dir='ltr'><strong>Ex</strong></span> <span class='ocrx_word' id='word_1_58' title='bbox 723 900 815 953; x_wconf 91' lang='lat' dir='ltr'><strong>illo,</strong></span> <span class='ocrx_word' id='word_1_59' title='bbox 843 915 926 956; x_wconf 88' lang='lat' dir='ltr'><strong>quo</strong></span> <span class='ocrx_word' id='word_1_60' title='bbox 950 901 1128 956; x_wconf 87' lang='lat' dir='ltr'><strong>primum</strong></span> <span class='ocrx_word' id='word_1_61' title='bbox 1148 900 1281 942; x_wconf 82' lang='lat' dir='ltr'><strong>lucem</strong></span> <span class='ocrx_word' id='word_1_62' title='bbox 1299 900 1422 953; x_wconf 83' lang='lat' dir='ltr'><strong>vidit,</strong></span> 
     </span>
     <span class='ocr_line' id='line_1_9' title="bbox 202 965 1424 1031; baseline 0.002 -17"><span class='ocrx_word' id='word_1_63' title='bbox 202 975 280 1015; x_wconf 86' lang='lat' dir='ltr'><strong>iter</strong></span> <span class='ocrx_word' id='word_1_64' title='bbox 310 975 448 1016; x_wconf 87' lang='lat' dir='ltr'><strong>mortis</strong></span> <span class='ocrx_word' id='word_1_65' title='bbox 471 975 668 1029; x_wconf 66' lang='lat' dir='ltr'><strong>ingressus</strong></span> <span class='ocrx_word' id='word_1_66' title='bbox 694 965 776 1028; x_wconf 61' lang='lat' dir='ltr'><strong>est,</strong></span> <span class='ocrx_word' id='word_1_67' title='bbox 806 976 1048 1031; x_wconf 68' lang='lat' dir='ltr'><strong>accessitque</strong></span> <span class='ocrx_word' id='word_1_68' title='bbox 1070 975 1151 1017; x_wconf 86' lang='lat' dir='ltr'><strong>fato</strong></span> <span class='ocrx_word' id='word_1_69' title='bbox 1176 976 1358 1031; x_wconf 67' lang='lat' dir='ltr'><strong>propiori</strong></span> <span class='ocrx_word' id='word_1_70' title='bbox 1382 982 1424 1016; x_wconf 89' lang='lat' dir='ltr'><strong>et</strong></span> 
     </span>
     <span class='ocr_line' id='line_1_10' title="bbox 203 1048 1422 1106; baseline 0 -16"><span class='ocrx_word' id='word_1_71' title='bbox 203 1048 263 1090; x_wconf 93' lang='lat' dir='ltr'><strong>illi</strong></span> <span class='ocrx_word' id='word_1_72' title='bbox 295 1050 391 1106; x_wconf 90' lang='lat' dir='ltr'><strong>ipsi,</strong></span> <span class='ocrx_word' id='word_1_73' title='bbox 433 1050 504 1106; x_wconf 88' lang='lat' dir='ltr'><strong>qui</strong></span> <span class='ocrx_word' id='word_1_74' title='bbox 541 1049 829 1093; x_wconf 89' lang='lat' dir='ltr'><strong>adiiciebantur</strong></span> <span class='ocrx_word' id='word_1_75' title='bbox 859 1049 1143 1093; x_wconf 68' lang='lat' dir='ltr'><strong>adoloecentiae</strong></span> <span class='ocrx_word' id='word_1_76' title='bbox 1173 1050 1289 1103; x_wconf 91' lang='lat' dir='ltr'><strong>anni,</strong></span> <span class='ocrx_word' id='word_1_77' title='bbox 1318 1049 1422 1091; x_wconf 81' lang='lat' dir='ltr'><strong>vitae</strong></span> 
     </span>
     <span class='ocr_line' id='line_1_11' title="bbox 202 1120 1420 1178; baseline 0 -12"><span class='ocrx_word' id='word_1_78' title='bbox 202 1124 522 1167; x_wconf 79' lang='lat' dir='ltr'><strong>detrahebantur.</strong></span> <span class='ocrx_word' id='word_1_79' title='bbox 581 1127 628 1168; x_wconf 90' lang='lat' dir='ltr'><strong>In</strong></span> <span class='ocrx_word' id='word_1_80' title='bbox 666 1126 743 1167; x_wconf 90' lang='lat' dir='ltr'><strong>hoc</strong></span> <span class='ocrx_word' id='word_1_81' title='bbox 779 1120 920 1168; x_wconf 68' lang='grc'><strong>01111105</strong></span> <span class='ocrx_word' id='word_1_82' title='bbox 949 1139 1079 1167; x_wconf 87' lang='lat' dir='ltr'><strong>errore</strong></span> <span class='ocrx_word' id='word_1_83' title='bbox 1113 1139 1341 1178; x_wconf 81' lang='lat' dir='ltr'><strong>versamur,</strong></span> <span class='ocrx_word' id='word_1_84' title='bbox 1372 1131 1420 1166; x_wconf 85' lang='lat' dir='ltr'><strong>ut</strong></span> 
     </span>
     <span class='ocr_line' id='line_1_12' title="bbox 202 1200 1419 1258; baseline -0.002 -14"><span class='ocrx_word' id='word_1_85' title='bbox 202 1215 284 1244; x_wconf 90' lang='lat' dir='ltr'><strong>non</strong></span> <span class='ocrx_word' id='word_1_86' title='bbox 306 1209 493 1258; x_wconf 87' lang='lat' dir='ltr'><strong>putemus</strong></span> <span class='ocrx_word' id='word_1_87' title='bbox 515 1202 568 1244; x_wconf 91' lang='lat' dir='ltr'><strong>ad</strong></span> <span class='ocrx_word' id='word_1_88' title='bbox 591 1209 779 1255; x_wconf 87' lang='lat' dir='ltr'><strong>mortem,</strong></span> <span class='ocrx_word' id='word_1_89' title='bbox 804 1202 880 1244; x_wconf 87' lang='lat' dir='ltr'><strong>nisi</strong></span> <span class='ocrx_word' id='word_1_90' title='bbox 900 1214 1013 1245; x_wconf 72' lang='lat' dir='ltr'><strong>senes</strong></span> <span class='ocrx_word' id='word_1_91' title='bbox 1038 1200 1322 1257; x_wconf 82' lang='lat' dir='ltr'><strong>inclinatosque</strong></span> <span class='ocrx_word' id='word_1_92' title='bbox 1339 1201 1419 1243; x_wconf 88' lang='lat' dir='ltr'><strong>iam</strong></span> 
     </span>
     <span class='ocr_line' id='line_1_13' title="bbox 202 1277 1421 1333; baseline -0.002 -15"><span class='ocrx_word' id='word_1_93' title='bbox 202 1291 380 1333; x_wconf 85' lang='lat' dir='ltr'><strong>vergere:</strong></span> <span class='ocrx_word' id='word_1_94' title='bbox 409 1292 537 1333; x_wconf 89' lang='lat' dir='ltr'><strong>quum</strong></span> <span class='ocrx_word' id='word_1_95' title='bbox 562 1278 632 1318; x_wconf 93' lang='lat' dir='ltr'><strong>illo</strong></span> <span class='ocrx_word' id='word_1_96' title='bbox 654 1277 816 1319; x_wconf 85' lang='lat' dir='ltr'><strong>infantia</strong></span> <span class='ocrx_word' id='word_1_97' title='bbox 834 1278 989 1330; x_wconf 83' lang='lat' dir='ltr'><strong>statim,</strong></span> <span class='ocrx_word' id='word_1_98' title='bbox 1012 1284 1054 1318; x_wconf 88' lang='lat' dir='ltr'><strong>et</strong></span> <span class='ocrx_word' id='word_1_99' title='bbox 1074 1278 1255 1328; x_wconf 84' lang='lat' dir='ltr'><strong>iuventa,</strong></span> <span class='ocrx_word' id='word_1_100' title='bbox 1278 1277 1421 1317; x_wconf 91' lang='lat' dir='ltr'><strong>omnis-</strong></span> 
     </span>
     <span class='ocr_line' id='line_1_14' title="bbox 202 1350 1424 1409; baseline -0.002 -15"><span class='ocrx_word' id='word_1_101' title='bbox 202 1366 283 1409; x_wconf 87' lang='lat' dir='ltr'><strong>que</strong></span> <span class='ocrx_word' id='word_1_102' title='bbox 302 1361 407 1395; x_wconf 87' lang='lat' dir='ltr'><strong>aetas</strong></span> <span class='ocrx_word' id='word_1_103' title='bbox 428 1351 540 1394; x_wconf 88' lang='lat' dir='ltr'><strong>ferat.</strong></span> <span class='ocrx_word' id='word_1_104' title='bbox 588 1351 737 1406; x_wconf 82' lang='lat' dir='ltr'><strong>Actura</strong></span> <span class='ocrx_word' id='word_1_105' title='bbox 759 1366 860 1408; x_wconf 91' lang='lat' dir='ltr'><strong>opus</strong></span> <span class='ocrx_word' id='word_1_106' title='bbox 884 1366 1003 1394; x_wconf 90' lang='lat' dir='ltr'><strong>suum</strong></span> <span class='ocrx_word' id='word_1_107' title='bbox 1024 1350 1105 1393; x_wconf 87' lang='lat' dir='ltr'><strong>fata</strong></span> <span class='ocrx_word' id='word_1_108' title='bbox 1123 1351 1238 1393; x_wconf 92' lang='lat' dir='ltr'><strong>nobis</strong></span> <span class='ocrx_word' id='word_1_109' title='bbox 1259 1364 1424 1393; x_wconf 88' lang='lat' dir='ltr'><strong>sensum</strong></span> 
     </span>
     <span class='ocr_line' id='line_1_15' title="bbox 200 1426 1417 1484; baseline -0.002 -14"><span class='ocrx_word' id='word_1_110' title='bbox 200 1435 356 1470; x_wconf 88' lang='lat' dir='ltr'><strong>nostrae</strong></span> <span class='ocrx_word' id='word_1_111' title='bbox 378 1428 484 1470; x_wconf 86' lang='lat' dir='ltr'><strong>necis</strong></span> <span class='ocrx_word' id='word_1_112' title='bbox 510 1427 714 1470; x_wconf 86' lang='lat' dir='ltr'><strong>auferunt:</strong></span> <span class='ocrx_word' id='word_1_113' title='bbox 742 1440 904 1484; x_wconf 87' lang='lat' dir='ltr'><strong>quoque</strong></span> <span class='ocrx_word' id='word_1_114' title='bbox 926 1426 1079 1469; x_wconf 85' lang='lat' dir='ltr'><strong>facilius</strong></span> <span class='ocrx_word' id='word_1_115' title='bbox 1101 1426 1266 1483; x_wconf 89' lang='lat' dir='ltr'><strong>obrepat</strong></span> <span class='ocrx_word' id='word_1_116' title='bbox 1288 1440 1417 1481; x_wconf 88' lang='lat' dir='ltr'><strong>mors,</strong></span> 
     </span>
     <span class='ocr_line' id='line_1_16' title="bbox 200 1501 1417 1560; baseline -0.002 -15"><span class='ocrx_word' id='word_1_117' title='bbox 200 1503 278 1545; x_wconf 86' lang='lat' dir='ltr'><strong>sub</strong></span> <span class='ocrx_word' id='word_1_118' title='bbox 311 1504 398 1560; x_wconf 86' lang='lat' dir='ltr'><strong>ipso</strong></span> <span class='ocrx_word' id='word_1_119' title='bbox 422 1504 526 1545; x_wconf 86' lang='lat' dir='ltr'><strong>vitae</strong></span> <span class='ocrx_word' id='word_1_120' title='bbox 548 1503 705 1544; x_wconf 88' lang='lat' dir='ltr'><strong>nomine</strong></span> <span class='ocrx_word' id='word_1_121' title='bbox 727 1502 837 1544; x_wconf 89' lang='lat' dir='ltr'><strong>latet.</strong></span> <span class='ocrx_word' id='word_1_122' title='bbox 895 1501 1089 1544; x_wconf 84' lang='lat' dir='ltr'><strong>Infantem</strong></span> <span class='ocrx_word' id='word_1_123' title='bbox 1112 1504 1155 1544; x_wconf 90' lang='lat' dir='ltr'><strong>in</strong></span> <span class='ocrx_word' id='word_1_124' title='bbox 1175 1516 1218 1544; x_wconf 90' lang='lat' dir='ltr'><strong>se</strong></span> <span class='ocrx_word' id='word_1_125' title='bbox 1245 1502 1417 1559; x_wconf 83' lang='lat' dir='ltr'><strong>pueritia</strong></span> 
     </span>
     <span class='ocr_line' id='line_1_17' title="bbox 177 1578 1418 1637; baseline -0.002 -15"><span class='ocrx_word' id='word_1_126' title='bbox 177 1580 416 1634; x_wconf 80' lang='lat' dir='ltr'><strong>¹convertit,</strong></span> <span class='ocrx_word' id='word_1_127' title='bbox 453 1579 665 1637; x_wconf 82' lang='lat' dir='ltr'><strong>pueritiam</strong></span> <span class='ocrx_word' id='word_1_128' title='bbox 693 1578 905 1636; x_wconf 78' lang='lat' dir='ltr'><strong>pubertas,</strong></span> <span class='ocrx_word' id='word_1_129' title='bbox 935 1578 1188 1635; x_wconf 82' lang='lat' dir='ltr'><strong>pubertatem</strong></span> <span class='ocrx_word' id='word_1_130' title='bbox 1210 1578 1418 1632; x_wconf 86' lang='lat' dir='ltr'><strong>iuventus,</strong></span> 
     </span>
     <span class='ocr_line' id='line_1_18' title="bbox 197 1654 1419 1713; baseline 0 -16"><span class='ocrx_word' id='word_1_131' title='bbox 197 1656 446 1698; x_wconf 86' lang='lat' dir='ltr'><strong>iuventutem</strong></span> <span class='ocrx_word' id='word_1_132' title='bbox 464 1663 647 1698; x_wconf 87' lang='lat' dir='ltr'><strong>senectus</strong></span> <span class='ocrx_word' id='word_1_133' title='bbox 670 1654 849 1698; x_wconf 88' lang='lat' dir='ltr'><strong>abstulit.</strong></span> <span class='ocrx_word' id='word_1_134' title='bbox 894 1655 1138 1698; x_wconf 77' lang='lat' dir='ltr'><strong>Incrementa</strong></span> <span class='ocrx_word' id='word_1_135' title='bbox 1156 1657 1242 1713; x_wconf 87' lang='lat' dir='ltr'><strong>ipsa</strong></span> <span class='ocrx_word' id='word_1_136' title='bbox 1262 1656 1296 1698; x_wconf 91' lang='lat' dir='ltr'><strong>si</strong></span> <span class='ocrx_word' id='word_1_137' title='bbox 1315 1655 1419 1698; x_wconf 87' lang='lat' dir='ltr'><strong>bene</strong></span> 
     </span>
     <span class='ocr_line' id='line_1_19' title="bbox 196 1731 737 1789; baseline -0.007 -13"><span class='ocrx_word' id='word_1_138' title='bbox 196 1740 402 1789; x_wconf 67' lang='lat' dir='ltr'><strong>computes</strong></span> <span class='ocrx_word' id='word_1_139' title='bbox 415 1763 427 1786; x_wconf 89' lang='lat'><strong>,</strong></span> <span class='ocrx_word' id='word_1_140' title='bbox 457 1731 602 1776; x_wconf 86' lang='lat' dir='ltr'><strong>damna</strong></span> <span class='ocrx_word' id='word_1_141' title='bbox 629 1738 737 1774; x_wconf 89' lang='lat' dir='ltr'><strong>sunt.</strong></span> 
     </span>
     <span class='ocr_line' id='line_1_20' title="bbox 251 1805 1415 1860; baseline -0.001 -11"><span class='ocrx_word' id='word_1_142' title='bbox 251 1808 358 1849; x_wconf 77' lang='lat' dir='ltr'><strong>XXI.</strong></span> <span class='ocrx_word' id='word_1_143' title='bbox 388 1807 594 1860; x_wconf 85' lang='lat' dir='ltr'><strong>Quereris,</strong></span> <span class='ocrx_word' id='word_1_144' title='bbox 622 1807 790 1860; x_wconf 87' lang='lat' dir='ltr'><strong>Marcia,</strong></span> <span class='ocrx_word' id='word_1_145' title='bbox 821 1821 902 1849; x_wconf 91' lang='lat' dir='ltr'><strong>non</strong></span> <span class='ocrx_word' id='word_1_146' title='bbox 922 1814 1005 1848; x_wconf 87' lang='lat' dir='ltr'><strong>tam</strong></span> <span class='ocrx_word' id='word_1_147' title='bbox 1028 1807 1100 1848; x_wconf 89' lang='lat' dir='ltr'><strong>diu</strong></span> <span class='ocrx_word' id='word_1_148' title='bbox 1120 1807 1262 1848; x_wconf 86' lang='lat' dir='ltr'><strong>vixisse</strong></span> <span class='ocrx_word' id='word_1_149' title='bbox 1283 1805 1415 1848; x_wconf 87' lang='lat' dir='ltr'><strong>filium</strong></span> 
     </span>
     <span class='ocr_line' id='line_1_21' title="bbox 191 1880 1413 1940; baseline -0.001 -15"><span class='ocrx_word' id='word_1_150' title='bbox 191 1889 330 1937; x_wconf 91' lang='lat' dir='ltr'><strong>tuum,</strong></span> <span class='ocrx_word' id='word_1_151' title='bbox 359 1897 482 1940; x_wconf 89' lang='lat' dir='ltr'><strong>quam</strong></span> <span class='ocrx_word' id='word_1_152' title='bbox 503 1880 730 1939; x_wconf 78' lang='lat' dir='ltr'><strong>potuisset?</strong></span> <span class='ocrx_word' id='word_1_153' title='bbox 787 1881 905 1925; x_wconf 90' lang='lat' dir='ltr'><strong>Unde</strong></span> <span class='ocrx_word' id='word_1_154' title='bbox 928 1882 1036 1924; x_wconf 91' lang='lat' dir='ltr'><strong>enim</strong></span> <span class='ocrx_word' id='word_1_155' title='bbox 1059 1881 1160 1936; x_wconf 84' lang='lat' dir='ltr'><strong>scis,</strong></span> <span class='ocrx_word' id='word_1_156' title='bbox 1188 1896 1241 1924; x_wconf 91' lang='lat' dir='ltr'><strong>an</strong></span> <span class='ocrx_word' id='word_1_157' title='bbox 1263 1880 1413 1924; x_wconf 82' lang='lat' dir='ltr'><strong>diutius</strong></span> 
     </span>
    </p>
   </div>
   <div class='ocr_carea' id='block_1_3' title="bbox 187 2013 1414 2556">
    <p class='ocr_par' dir='ltr' id='par_1_3' title="bbox 187 2013 1414 2556">
     <span class='ocr_line' id='line_1_22' title="bbox 191 2013 1414 2062; baseline 0 -11"><span class='ocrx_word' id='word_1_158' title='bbox 191 2016 273 2051; x_wconf 85' lang='lat' dir='ltr'><strong>vult</strong></span> <span class='ocrx_word' id='word_1_159' title='bbox 317 2027 383 2062; x_wconf 86' lang='lat' dir='ltr'><strong>pro</strong></span> <span class='ocrx_word' id='word_1_160' title='bbox 426 2013 587 2062; x_wconf 85' lang='lat' dir='ltr'><strong>movere)</strong></span> <span class='ocrx_word' id='word_1_161' title='bbox 634 2015 785 2050; x_wconf 68' lang='lat' dir='ltr'><strong>ulterius</strong></span> <span class='ocrx_word' id='word_1_162' title='bbox 823 2014 926 2050; x_wconf 77' lang='lat' dir='ltr'><strong>Prius</strong></span> <span class='ocrx_word' id='word_1_163' title='bbox 965 2014 1164 2061; x_wconf 75' lang='lat' dir='ltr'><strong>cogitabam</strong></span> <span class='ocrx_word' id='word_1_164' title='bbox 1201 2015 1269 2061; x_wconf 86' lang='lat' dir='ltr'><strong>ipsi</strong></span> <span class='ocrx_word' id='word_1_165' title='bbox 1302 2014 1414 2052; x_wconf 77' lang='lat' dir='ltr'><strong>verbo</strong></span> 
     </span>
     <span class='ocr_line' id='line_1_23' title="bbox 195 2075 1413 2125; baseline -0.001 -13"><span class='ocrx_word' id='word_1_166' title='bbox 195 2077 420 2125; x_wconf 75' lang='lat' dir='ltr'><strong>diligentiam</strong></span> <span class='ocrx_word' id='word_1_167' title='bbox 448 2083 482 2111; x_wconf 79' lang='lat' dir='ltr'><strong>et</strong></span> <span class='ocrx_word' id='word_1_168' title='bbox 503 2076 691 2111; x_wconf 71' lang='lat' dir='ltr'><strong>consilium</strong></span> <span class='ocrx_word' id='word_1_169' title='bbox 705 2088 784 2124; x_wconf 81' lang='lat' dir='ltr'><strong>per·</strong></span> <span class='ocrx_word' id='word_1_170' title='bbox 824 2077 918 2111; x_wconf 78' lang='lat' dir='ltr'><strong>vitae</strong></span> <span class='ocrx_word' id='word_1_171' title='bbox 933 2075 1073 2123; x_wconf 86' lang='lat' dir='ltr'><strong>aliquid</strong></span> <span class='ocrx_word' id='word_1_172' title='bbox 1088 2076 1201 2111; x_wconf 83' lang='lat' dir='ltr'><strong>inesse</strong></span> <span class='ocrx_word' id='word_1_173' title='bbox 1211 2075 1312 2123; x_wconf 88' lang='lat' dir='ltr'><strong>quod</strong></span> <span class='ocrx_word' id='word_1_174' title='bbox 1320 2087 1413 2112; x_wconf 92' lang='lat' dir='ltr'><strong>mor·</strong></span> 
     </span>
     <span class='ocr_line' id='line_1_24' title="bbox 194 2136 1413 2184; baseline 0 -11"><span class='ocrx_word' id='word_1_175' title='bbox 194 2138 338 2181; x_wconf 68' lang='lat' dir='ltr'><strong>didisse.</strong></span> <span class='ocrx_word' id='word_1_176' title='bbox 384 2137 482 2173; x_wconf 83' lang='lat' dir='ltr'><strong>Ultra</strong></span> <span class='ocrx_word' id='word_1_177' title='bbox 500 2138 697 2174; x_wconf 85' lang='lat' dir='ltr'><strong>terminum</strong></span> <span class='ocrx_word' id='word_1_178' title='bbox 716 2150 784 2174; x_wconf 91' lang='lat' dir='ltr'><strong>nec</strong></span> <span class='ocrx_word' id='word_1_179' title='bbox 824 2141 896 2173; x_wconf 85' lang='lat' dir='ltr'><strong>tem</strong></span> <span class='ocrx_word' id='word_1_180' title='bbox 913 2136 1145 2184; x_wconf 75' lang='lat' dir='ltr'><strong>significaret3</strong></span> <span class='ocrx_word' id='word_1_181' title='bbox 1162 2137 1226 2173; x_wconf 88' lang='grc'><strong>5011</strong></span> <span class='ocrx_word' id='word_1_182' title='bbox 1244 2138 1345 2173; x_wconf 89' lang='grc'><strong>100115</strong></span> <span class='ocrx_word' id='word_1_183' title='bbox 1362 2138 1413 2173; x_wconf 89' lang='grc'><strong>510</strong></span> 
     </span>
     <span class='ocr_line' id='line_1_25' title="bbox 193 2199 1412 2248; baseline 0.001 -14"><span class='ocrx_word' id='word_1_184' title='bbox 193 2199 383 2247; x_wconf 79' lang='lat' dir='ltr'><strong>diligentia</strong></span> <span class='ocrx_word' id='word_1_185' title='bbox 409 2210 479 2234; x_wconf 89' lang='lat' dir='ltr'><strong>nec</strong></span> <span class='ocrx_word' id='word_1_186' title='bbox 505 2199 696 2235; x_wconf 81' lang='lat' dir='ltr'><strong>consilium</strong></span> <span class='ocrx_word' id='word_1_187' title='bbox 724 2200 783 2248; x_wconf 87' lang='lat' dir='ltr'><strong>ju·</strong></span> <span class='ocrx_word' id='word_1_188' title='bbox 823 2199 1056 2247; x_wconf 78' lang='lat' dir='ltr'><strong>explicandus</strong></span> <span class='ocrx_word' id='word_1_189' title='bbox 1081 2199 1246 2235; x_wconf 74' lang='lat' dir='ltr'><strong>videtur:</strong></span> <span class='ocrx_word' id='word_1_190' title='bbox 1271 2205 1412 2247; x_wconf 76' lang='lat' dir='ltr'><strong>tempus</strong></span> 
     </span>
     <span class='ocr_line' id='line_1_26' title="bbox 194 2262 1410 2309; baseline 0.001 -13"><span class='ocrx_word' id='word_1_191' title='bbox 194 2267 294 2298; x_wconf 83' lang='lat' dir='ltr'><strong>vant.</strong></span> <span class='ocrx_word' id='word_1_192' title='bbox 822 2262 921 2309; x_wconf 90' lang='lat' dir='ltr'><strong>quod</strong></span> <span class='ocrx_word' id='word_1_193' title='bbox 935 2262 1090 2297; x_wconf 80' lang='lat' dir='ltr'><strong>vivimus</strong></span> <span class='ocrx_word' id='word_1_194' title='bbox 1109 2263 1183 2297; x_wconf 69' lang='lat' dir='ltr'><strong>vita</strong></span> <span class='ocrx_word' id='word_1_195' title='bbox 1198 2262 1410 2309; x_wconf 87' lang='lat' dir='ltr'><strong>appellatur,</strong></span> 
     </span>
     <span class='ocr_line' id='line_1_27' title="bbox 240 2322 1409 2371; baseline 0.002 -15"><span class='ocrx_word' id='word_1_196' title='bbox 240 2322 291 2357; x_wconf 77' lang='lat' dir='ltr'><strong>Et</strong></span> <span class='ocrx_word' id='word_1_197' title='bbox 301 2325 464 2371; x_wconf 78' lang='lat' dir='ltr'><strong>juventa.</strong></span> <span class='ocrx_word' id='word_1_198' title='bbox 489 2322 561 2358; x_wconf 89' lang='lat' dir='ltr'><strong>cur</strong></span> <span class='ocrx_word' id='word_1_199' title='bbox 576 2322 668 2358; x_wconf 84' lang='lat' dir='ltr'><strong>haec</strong></span> <span class='ocrx_word' id='word_1_200' title='bbox 682 2322 782 2358; x_wconf 80' lang='lat' dir='ltr'><strong>addi·</strong></span> <span class='ocrx_word' id='word_1_201' title='bbox 821 2335 937 2371; x_wconf 88' lang='lat' dir='ltr'><strong>quum</strong></span> <span class='ocrx_word' id='word_1_202' title='bbox 956 2323 1108 2360; x_wconf 80' lang='lat' dir='ltr'><strong>accessio</strong></span> <span class='ocrx_word' id='word_1_203' title='bbox 1125 2323 1173 2359; x_wconf 86' lang='lat' dir='ltr'><strong>ad</strong></span> <span class='ocrx_word' id='word_1_204' title='bbox 1188 2330 1341 2360; x_wconf 84' lang='lat' dir='ltr'><strong>mortem</strong></span> <span class='ocrx_word' id='word_1_205' title='bbox 1356 2323 1409 2358; x_wconf 82' lang='lat' dir='ltr'><strong>di-</strong></span> 
     </span>
     <span class='ocr_line' id='line_1_28' title="bbox 193 2382 1408 2433; baseline 0.002 -16"><span class='ocrx_word' id='word_1_206' title='bbox 193 2382 269 2418; x_wconf 79' lang='lat' dir='ltr'><strong>dit?</strong></span> <span class='ocrx_word' id='word_1_207' title='bbox 305 2384 414 2420; x_wconf 83' lang='lat' dir='ltr'><strong>credo</strong></span> <span class='ocrx_word' id='word_1_208' title='bbox 434 2383 604 2433; x_wconf 89' lang='lat' dir='ltr'><strong>quoniam</strong></span> <span class='ocrx_word' id='word_1_209' title='bbox 627 2384 782 2421; x_wconf 74' lang='lat' dir='ltr'><strong>Metilius</strong></span> <span class='ocrx_word' id='word_1_210' title='bbox 820 2385 936 2422; x_wconf 88' lang='lat' dir='ltr'><strong>cenda</strong></span> <span class='ocrx_word' id='word_1_211' title='bbox 965 2389 1073 2431; x_wconf 78' lang='lat' dir='ltr'><strong>esset,</strong></span> <span class='ocrx_word' id='word_1_212' title='bbox 1115 2385 1279 2433; x_wconf 86' lang='lat' dir='ltr'><strong>quotidie</strong></span> <span class='ocrx_word' id='word_1_213' title='bbox 1310 2384 1408 2420; x_wconf 88' lang='lat' dir='ltr'><strong>enim</strong></span> 
     </span>
     <span class='ocr_line' id='line_1_29' title="bbox 187 2445 1408 2492; baseline 0.002 -13"><span class='ocrx_word' id='word_1_214' title='bbox 187 2445 333 2492; x_wconf 83' lang='lat' dir='ltr'><strong>juvenis</strong></span> <span class='ocrx_word' id='word_1_215' title='bbox 356 2446 491 2482; x_wconf 78' lang='lat' dir='ltr'><strong>fuisset.</strong></span> <span class='ocrx_word' id='word_1_216' title='bbox 513 2466 518 2471; x_wconf 85' lang='lat'><em>-</em></span> <span class='ocrx_word' id='word_1_217' title='bbox 819 2449 1015 2492; x_wconf 88' lang='lat' dir='ltr'><strong>morimur,</strong></span> <span class='ocrx_word' id='word_1_218' title='bbox 1055 2450 1197 2485; x_wconf 68' lang='lat' dir='ltr'><strong>nontine</strong></span> <span class='ocrx_word' id='word_1_219' title='bbox 1231 2447 1408 2492; x_wconf 78' lang='lat' dir='ltr'><strong>vivimus,</strong></span> 
     </span>
     <span class='ocr_line' id='line_1_30' title="bbox 241 2506 1066 2556; baseline 0.002 -13"><span class='ocrx_word' id='word_1_220' title='bbox 241 2506 383 2555; x_wconf 77' lang='lat' dir='ltr'><strong>Quoque</strong></span> <span class='ocrx_word' id='word_1_221' title='bbox 403 2509 561 2556; x_wconf 71' lang='lat' dir='ltr'><strong>facilius</strong></span> <span class='ocrx_word' id='word_1_222' title='bbox 593 2534 602 2545; x_wconf 92' lang='lat'>.</span> <span class='ocrx_word' id='word_1_223' title='bbox 617 2533 628 2546; x_wconf 82' lang='lat'><strong>.</strong></span> <span class='ocrx_word' id='word_1_224' title='bbox 642 2533 653 2545; x_wconf 88' lang='lat'>.</span> <span class='ocrx_word' id='word_1_225' title='bbox 683 2509 778 2547; x_wconf 76' lang='lat' dir='ltr'><strong>latet.</strong></span> <span class='ocrx_word' id='word_1_226' title='bbox 819 2521 856 2545; x_wconf 82' lang='lat' dir='ltr'><strong>re</strong></span> <span class='ocrx_word' id='word_1_227' title='bbox 879 2509 1066 2547; x_wconf 82' lang='lat' dir='ltr'><strong>morimur.</strong></span> 
     </span>
    </p>
   </div>
   <div class='ocr_carea' id='block_1_4' title="bbox 1649 0 1848 2778">
    <p class='ocr_par' dir='ltr' id='par_1_4' title="bbox 1649 0 1848 2778">
     <span class='ocr_line' id='line_1_31' title="bbox 1649 0 1848 2778; baseline 0 0"><span class='ocrx_word' id='word_1_228' title='bbox 1649 0 1848 2778; x_wconf 95' lang='lat' dir='ltr'><strong> </strong></span> 
     </span>
    </p>
   </div>
  </div>
 </body>
</html>
