1848 3122
808 304 867 347 93

230 433 372 476 acerba
393 433 610 488 desideria,
646 443 688 478 et
710 451 839 493 mors,
868 438 1083 495 incertum,
1113 438 1261 495 facilis,
1291 455 1343 483 an
1364 456 1437 498 per

227 522 398 565 poenam
430 511 740 569 cruciatumque.
799 513 840 555 6.
881 514 1063 558 Delibera
1090 525 1245 571 tecum,
1276 525 1318 559 et
1345 531 1437 573 per-

228 585 360 640 pende
391 587 490 643 quid
518 588 626 630 velis.
685 590 741 631 Ut
768 590 810 631 in
833 589 902 632 illa
920 593 1071 647 venias,
1101 608 1173 650 per
1192 595 1268 636 ista
1289 607 1438 636 exeun-

226 659 326 702 dum
364 669 436 704 est.
496 644 788 720 Respondebis,
828 665 932 707 velle
966 674 1007 709 te
1038 669 1197 712 vivere?
1254 670 1437 724 Quidni?

226 736 375 792 Immo,
405 746 527 795 puto,
557 739 609 780 ad
634 740 676 782 id
702 755 782 783 non
803 742 987 797 accedes,
1017 756 1064 787 ex
1083 761 1164 802 quo
1184 747 1258 788 tibi
1285 747 1438 804 aliquid

225 812 381 855 detrahi
401 814 525 857 doles.
564 815 657 857 Vive
683 830 794 873 ergo,
815 826 862 861 ut
882 822 1076 862 convenit.
1114 822 1258 876 Nemo,
1282 824 1436 881 inquis,

225 901 298 929 nos
320 888 532 930 consuluit.
575 890 751 933 Consulti
770 900 865 934 sunt
885 894 937 935 de
963 888 1078 937 nobis
1094 906 1277 952 parentes
1296 901 1438 942 nostri:

224 962 296 1017 qui
330 977 459 1018 quum
490 965 754 1008 conditionem
789 968 893 1009 vitae
932 978 1116 1024 nossent,
1150 972 1200 1013 ‘in
1233 972 1336 1016 hanc
1369 988 1440 1018 nos

225 1031 485 1081 sustulerunt.

280 1114 385 1155 XIX.
423 1116 502 1156 Sed
526 1124 573 1157 ut
596 1117 647 1158 ad
670 1119 806 1160 solatia
833 1121 1010 1175 veniam,
1036 1123 1238 1167 videamus
1261 1127 1438 1181 primum

226 1189 326 1244 quid
360 1190 582 1232 curandum
618 1194 693 1247 sit,
722 1195 866 1237 deinde
899 1188 1248 1253 quemadmodum.
1307 1202 1439 1245 Movet

223 1262 423 1318 lugentem
461 1265 700 1309 desiderium
725 1269 809 1311 eius
822 1301 834 1323 ‚
863 1284 986 1326 quem
1014 1272 1165 1316 dilexit.
1224 1275 1271 1317 Id
1298 1290 1371 1332 per
1396 1291 1439 1319 se

223 1337 425 1380 tolerabile
448 1349 625 1397 apparet.
658 1341 850 1388 Absentoe
878 1347 984 1389 enim
1006 1347 1437 1414 abfuturosque,q1um

223 1411 421 1466 viverent,
462 1428 543 1456 non
574 1415 742 1472 flemus,
781 1421 960 1475 quamvis
994 1425 1119 1466 omnis
1153 1440 1248 1469 usus
1276 1427 1435 1471 illorum

220 1486 334 1530 nohis
375 1495 416 1531 et
451 1499 686 1554 conspectus
723 1503 883 1551 ereptus
920 1497 984 1540 sit.
1044 1500 1187 1557 Opinio
1223 1512 1284 1547 est
1316 1518 1435 1561 ergo,

218 1576 321 1619 quae
341 1577 412 1605 nos
434 1567 602 1608 cruciat:
625 1575 666 1609 et
687 1570 788 1611 tanti
811 1572 1001 1628 quodque
1021 1576 1171 1618 malum
1190 1586 1273 1632 est,
1294 1582 1436 1636 quanti

218 1637 322 1679 illud
349 1640 580 1682 taxavimus.
647 1643 694 1684 In
727 1646 861 1687 nostr&
888 1655 1086 1702 potestate
1122 1653 1339 1696 remedium
1366 1655 1438 1697 ha-

220 1710 374 1754 hemus.
447 1714 669 1758 Iudicemus
706 1717 793 1759 illos
832 1719 990 1775 abesse,
1026 1731 1067 1765 et
1100 1728 1332 1784 nosmetipsi
1365 1744 1436 1773 nos

219 1785 413 1830 fallamus.
483 1790 711 1833 Dimisimus
746 1792 854 1836 illos:
893 1796 1014 1839 immo
1045 1804 1293 1844 consecuturi
1318 1819 1436 1860 prae-

266 1927 409 1964 Nosmet
436 1930 511 1977 ipsi
537 1943 600 1966 nos
618 1933 806 1980 fallamus.

217 1987 357 2035 Lipsius
387 1994 423 2024 et
462 1989 583 2026 Ruhk.
617 2004 638 2028 e
674 1994 805 2030 codici-

215 2049 285 2086 bus
303 2051 486 2087 nonnullis
502 2061 634 2090 nosmet
647 2055 721 2103 ipsi
733 2068 806 2092 non

207 2112 385 2159 fallamus
391 2139 403 2157 ,
437 2116 474 2147 et
500 2113 599 2149 addit
626 2115 704 2161 hic,
727 2130 805 2153 »re-

215 2184 325 2208 »vera
344 2185 418 2208 non
436 2173 601 2210 fallamus
616 2188 680 2212 nos
693 2189 805 2225 quan-

215 2234 437 2282 »doquidem
469 2240 505 2270 et
535 2236 574 2271 in
602 2240 806 2286 peregrina-

215 2294 340 2331 »tione
360 2301 444 2331 sunt
464 2301 500 2332 et
515 2297 678 2334 vivunt.''
698 2300 805 2348 Equi-

216 2353 300 2390 dem
323 2356 516 2394 lectionem
531 2371 640 2407 quam
662 2360 723 2397 hic
744 2363 804 2400 ha-

216 2415 343 2452 bemus
367 2420 559 2457 tenendam
579 2426 677 2469 puto.
715 2423 804 2461 Nam

219 2479 349 2515 Seneca
407 2482 586 2520 incertum
649 2485 805 2526 habebat

846 1938 980 1972 mortui
1026 1926 1210 1987 viverent,
1260 1956 1329 1980 nec
1367 1958 1432 1993 ne;

845 2001 882 2031 et
903 1997 972 2033 hoc
992 2001 1141 2047 quidem
1171 2004 1290 2051 capite
1313 2007 1434 2052 ponit.

845 2063 1003 2096 mortuos
1024 2063 1118 2098 nihil
1135 2076 1221 2101 esse.
1246 2066 1337 2102 Tum
1349 2068 1435 2104 Har-

845 2119 939 2155 ciam
969 2122 1021 2157 sic
1059 2126 1233 2162 consolari
1264 2135 1433 2166 conatur:

845 2180 972 2219 fallere
991 2197 1055 2221 nos
1075 2186 1261 2235 debemus,
1280 2191 1353 2238 ait,
1367 2193 1390 2228 i.
1401 2205 1432 2230 e

846 2243 1007 2280 animum
1029 2246 1209 2285 dolentem
1221 2279 1232 2296 ,
1258 2252 1294 2287 ei
1314 2253 1434 2290 dicen·

846 2309 914 2341 tes:
936 2308 1062 2343 absunt
1082 2314 1225 2348 mortui.
1249 2313 1323 2350 Hoc
1338 2317 1433 2351 enim

845 2379 971 2405 revera
1002 2369 1076 2406 dici
1107 2378 1243 2421 potest;
1276 2376 1337 2411 sed
1362 2377 1434 2412 alio

844 2441 951 2471 seusu
970 2434 1220 2482 accipiendum
1240 2443 1290 2473 est
1311 2449 1353 2473 ac
1371 2450 1435 2475 no-

845 2497 916 2529 ster
933 2495 1075 2531 animus
1102 2496 1229 2533 dolens
1247 2504 1324 2535 tum
1344 2502 1436 2536 acci-
