<?xml version="1.0" encoding="UTF-8"?>
<!DOCTYPE html PUBLIC "-//W3C//DTD XHTML 1.0 Transitional//EN"
    "http://www.w3.org/TR/xhtml1/DTD/xhtml1-transitional.dtd">
<html xmlns="http://www.w3.org/1999/xhtml" xml:lang="en" lang="en">
 <head>
  <title>
</title>
<meta http-equiv="Content-Type" content="text/html;charset=utf-8" />
  <meta name='ocr-system' content='tesseract 3.04.00' />
  <meta name='ocr-capabilities' content='ocr_page ocr_carea ocr_par ocr_line ocrx_word'/>
</head>
<body>
  <div class='ocr_page' id='page_1' title='image "4737360_0027.png"; bbox 0 0 1848 3122; ppageno 0'>
   <div class='ocr_carea' id='block_1_1' title="bbox 865 300 902 336">
    <p class='ocr_par' dir='ltr' id='par_1_1' title="bbox 865 300 902 336">
     <span class='ocr_line' id='line_1_1' title="bbox 865 300 902 336; baseline 0 0"><span class='ocrx_word' id='word_1_1' title='bbox 865 300 902 336; x_wconf 82' lang='grc' dir='ltr'>Η</span> 
     </span>
    </p>
   </div>
   <div class='ocr_carea' id='block_1_2' title="bbox 287 425 1457 2558">
    <p class='ocr_par' dir='ltr' id='par_1_2' title="bbox 288 425 1451 553">
     <span class='ocr_line' id='line_1_2' title="bbox 288 425 1451 482; baseline -0.003 -14"><span class='ocrx_word' id='word_1_2' title='bbox 288 429 471 469; x_wconf 87' lang='lat' dir='ltr'><strong>sideraret</strong></span> <span class='ocrx_word' id='word_1_3' title='bbox 498 439 536 468; x_wconf 87' lang='lat' dir='ltr'><strong>et</strong></span> <span class='ocrx_word' id='word_1_4' title='bbox 560 429 617 467; x_wconf 84' lang='lat' dir='ltr'><strong>sic</strong></span> <span class='ocrx_word' id='word_1_5' title='bbox 644 427 744 482; x_wconf 85' lang='lat' dir='ltr'><strong>quid</strong></span> <span class='ocrx_word' id='word_1_6' title='bbox 771 428 845 466; x_wconf 85' lang='lat' dir='ltr'><strong>sihi</strong></span> <span class='ocrx_word' id='word_1_7' title='bbox 872 427 1067 482; x_wconf 86' lang='lat' dir='ltr'><strong>optimum</strong></span> <span class='ocrx_word' id='word_1_8' title='bbox 1093 437 1191 466; x_wconf 88' lang='lat' dir='ltr'><strong>esset</strong></span> <span class='ocrx_word' id='word_1_9' title='bbox 1217 425 1324 465; x_wconf 84' lang='lat' dir='ltr'><strong>factu</strong></span> <span class='ocrx_word' id='word_1_10' title='bbox 1347 425 1451 464; x_wconf 90' lang='lat' dir='ltr'><strong>colli-</strong></span> 
     </span>
     <span class='ocr_line' id='line_1_3' title="bbox 289 511 405 553; baseline -0.009 -13"><span class='ocrx_word' id='word_1_11' title='bbox 289 511 405 553; x_wconf 84' lang='lat' dir='ltr'><strong>geret.</strong></span> 
     </span>
    </p>

    <p class='ocr_par' dir='ltr' id='par_1_3' title="bbox 287 568 1455 1549">
     <span class='ocr_line' id='line_1_4' title="bbox 342 568 1451 625; baseline -0.005 -13"><span class='ocrx_word' id='word_1_12' title='bbox 342 573 468 612; x_wconf 80' lang='lat' dir='ltr'><strong>Liviae</strong></span> <span class='ocrx_word' id='word_1_13' title='bbox 503 571 674 625; x_wconf 86' lang='lat' dir='ltr'><strong>denique</strong></span> <span class='ocrx_word' id='word_1_14' title='bbox 706 568 1151 624; x_wconf 85' lang='lat' dir='ltr'><strong>exemplum&#39;probabat</strong></span> <span class='ocrx_word' id='word_1_15' title='bbox 1182 584 1266 608; x_wconf 93' lang='lat' dir='ltr'><strong>non</strong></span> <span class='ocrx_word' id='word_1_16' title='bbox 1298 578 1451 608; x_wconf 83' lang='lat' dir='ltr'><strong>tantum</strong></span> 
     </span>
     <span class='ocr_line' id='line_1_5' title="bbox 287 639 1452 699; baseline -0.005 -15"><span class='ocrx_word' id='word_1_17' title='bbox 287 644 416 684; x_wconf 89' lang='lat' dir='ltr'><strong>luctus</strong></span> <span class='ocrx_word' id='word_1_18' title='bbox 438 643 692 699; x_wconf 86' lang='lat' dir='ltr'><strong>pertinaciam</strong></span> <span class='ocrx_word' id='word_1_19' title='bbox 717 640 865 681; x_wconf 79' lang='lat' dir='ltr'><strong>malum</strong></span> <span class='ocrx_word' id='word_1_20' title='bbox 892 639 1091 690; x_wconf 85' lang='lat' dir='ltr'><strong>esse,·sed</strong></span> <span class='ocrx_word' id='word_1_21' title='bbox 1118 639 1349 693; x_wconf 86' lang='lat' dir='ltr'><strong>hujusmodi</strong></span> <span class='ocrx_word' id='word_1_22' title='bbox 1376 654 1452 678; x_wconf 90' lang='lat' dir='ltr'><strong>ma·</strong></span> 
     </span>
     <span class='ocr_line' id='line_1_6' title="bbox 288 711 1453 768; baseline -0.006 -13"><span class='ocrx_word' id='word_1_23' title='bbox 288 715 371 755; x_wconf 89' lang='lat' dir='ltr'><strong>lum</strong></span> <span class='ocrx_word' id='word_1_24' title='bbox 400 715 464 755; x_wconf 92' lang='lat' dir='ltr'><strong>cui</strong></span> <span class='ocrx_word' id='word_1_25' title='bbox 489 713 634 754; x_wconf 84' lang='lat' dir='ltr'><strong>medela</strong></span> <span class='ocrx_word' id='word_1_26' title='bbox 660 713 788 753; x_wconf 85' lang='lat' dir='ltr'><strong>afferri</strong></span> <span class='ocrx_word' id='word_1_27' title='bbox 816 722 972 768; x_wconf 86' lang='lat' dir='ltr'><strong>posset,</strong></span> <span class='ocrx_word' id='word_1_28' title='bbox 1004 727 1094 752; x_wconf 90' lang='lat' dir='ltr'><strong>cum</strong></span> <span class='ocrx_word' id='word_1_29' title='bbox 1122 711 1192 751; x_wconf 84' lang='lat' dir='ltr'><strong>alia</strong></span> <span class='ocrx_word' id='word_1_30' title='bbox 1207 725 1331 766; x_wconf 83' lang='lat' dir='ltr'><strong>eaque</strong></span> <span class='ocrx_word' id='word_1_31' title='bbox 1345 724 1453 764; x_wconf 82' lang='lat' dir='ltr'><strong>prae-</strong></span> 
     </span>
     <span class='ocr_line' id='line_1_7' title="bbox 290 782 1450 841; baseline -0.003 -15"><span class='ocrx_word' id='word_1_32' title='bbox 290 797 416 838; x_wconf 88' lang='lat' dir='ltr'><strong>stans,</strong></span> <span class='ocrx_word' id='word_1_33' title='bbox 435 797 480 826; x_wconf 92' lang='lat' dir='ltr'><strong>ut</strong></span> <span class='ocrx_word' id='word_1_34' title='bbox 499 786 708 841; x_wconf 85' lang='lat' dir='ltr'><strong>putabatur</strong></span> <span class='ocrx_word' id='word_1_35' title='bbox 722 815 734 836; x_wconf 86' lang='lat'><strong><em>,</em></strong></span> <span class='ocrx_word' id='word_1_36' title='bbox 770 784 909 824; x_wconf 88' lang='lat' dir='ltr'><strong>mulier</strong></span> <span class='ocrx_word' id='word_1_37' title='bbox 937 783 1172 824; x_wconf 82' lang='lat' dir='ltr'><strong>desiderium</strong></span> <span class='ocrx_word' id='word_1_38' title='bbox 1200 782 1274 823; x_wconf 81' lang='lat' dir='ltr'><strong>tale</strong></span> <span class='ocrx_word' id='word_1_39' title='bbox 1297 782 1450 822; x_wconf 75' lang='lat' dir='ltr'><strong>fortiter</strong></span> 
     </span>
     <span class='ocr_line' id='line_1_8' title="bbox 289 856 1451 911; baseline -0.004 -12"><span class='ocrx_word' id='word_1_40' title='bbox 289 859 448 899; x_wconf 88' lang='lat' dir='ltr'><strong>tulisset.</strong></span> <span class='ocrx_word' id='word_1_41' title='bbox 499 858 601 897; x_wconf 87' lang='lat' dir='ltr'><strong>Huic</strong></span> <span class='ocrx_word' id='word_1_42' title='bbox 628 869 753 897; x_wconf 79' lang='lat' dir='ltr'><strong>tamen</strong></span> <span class='ocrx_word' id='word_1_43' title='bbox 777 859 835 897; x_wconf 89' lang='lat' dir='ltr'><strong>rei</strong></span> <span class='ocrx_word' id='word_1_44' title='bbox 862 872 945 896; x_wconf 92' lang='lat' dir='ltr'><strong>non</strong></span> <span class='ocrx_word' id='word_1_45' title='bbox 971 857 1086 911; x_wconf 80' lang='lat' dir='ltr'><strong>plane</strong></span> <span class='ocrx_word' id='word_1_46' title='bbox 1101 856 1313 895; x_wconf 88' lang='lat' dir='ltr'><strong>sufficiebat</strong></span> <span class='ocrx_word' id='word_1_47' title='bbox 1327 870 1451 894; x_wconf 80' lang='lat' dir='ltr'><strong>exem-</strong></span> 
     </span>
     <span class='ocr_line' id='line_1_9' title="bbox 291 925 1454 984; baseline -0.003 -16"><span class='ocrx_word' id='word_1_48' title='bbox 291 929 417 984; x_wconf 90' lang='lat' dir='ltr'><strong>plum.</strong></span> <span class='ocrx_word' id='word_1_49' title='bbox 472 929 615 969; x_wconf 85' lang='lat' dir='ltr'><strong>Marcia</strong></span> <span class='ocrx_word' id='word_1_50' title='bbox 640 930 813 981; x_wconf 86' lang='lat' dir='ltr'><strong>objicere</strong></span> <span class='ocrx_word' id='word_1_51' title='bbox 831 939 992 982; x_wconf 77' lang='lat' dir='ltr'><strong>posset:</strong></span> <span class='ocrx_word' id='word_1_52' title='bbox 1024 925 1184 968; x_wconf 74' lang='lat' dir='ltr'><strong>Liviani</strong></span> <span class='ocrx_word' id='word_1_53' title='bbox 1202 925 1365 981; x_wconf 85' lang='lat' dir='ltr'><strong>quidem</strong></span> <span class='ocrx_word' id='word_1_54' title='bbox 1379 926 1454 965; x_wconf 85' lang='lat' dir='ltr'><strong>for-</strong></span> 
     </span>
     <span class='ocr_line' id='line_1_10' title="bbox 294 996 1450 1054; baseline -0.004 -13"><span class='ocrx_word' id='word_1_55' title='bbox 294 1003 384 1041; x_wconf 88' lang='lat' dir='ltr'><strong>titer</strong></span> <span class='ocrx_word' id='word_1_56' title='bbox 412 1000 522 1051; x_wconf 78' lang='lat' dir='ltr'><strong>tulit,</strong></span> <span class='ocrx_word' id='word_1_57' title='bbox 549 1000 618 1040; x_wconf 84' lang='lat' dir='ltr'><strong>sed</strong></span> <span class='ocrx_word' id='word_1_58' title='bbox 645 1002 769 1051; x_wconf 77' lang='lat' dir='ltr'><strong>majus</strong></span> <span class='ocrx_word' id='word_1_59' title='bbox 795 1000 894 1039; x_wconf 89' lang='lat' dir='ltr'><strong>mihi</strong></span> <span class='ocrx_word' id='word_1_60' title='bbox 920 1015 1039 1054; x_wconf 78' lang='lat' dir='ltr'><strong>quam</strong></span> <span class='ocrx_word' id='word_1_61' title='bbox 1054 998 1112 1038; x_wconf 87' lang='lat' dir='ltr'><strong>illi</strong></span> <span class='ocrx_word' id='word_1_62' title='bbox 1127 997 1271 1038; x_wconf 84' lang='lat' dir='ltr'><strong>malum</strong></span> <span class='ocrx_word' id='word_1_63' title='bbox 1286 996 1450 1043; x_wconf 75' lang='lat' dir='ltr'><strong>accidit3</strong></span> 
     </span>
     <span class='ocr_line' id='line_1_11' title="bbox 288 1071 1453 1125; baseline -0.003 -14"><span class='ocrx_word' id='word_1_64' title='bbox 288 1073 389 1111; x_wconf 70' lang='lat' dir='ltr'><strong>milei</strong></span> <span class='ocrx_word' id='word_1_65' title='bbox 412 1073 532 1125; x_wconf 75' lang='lat' dir='ltr'><strong>plue,</strong></span> <span class='ocrx_word' id='word_1_66' title='bbox 573 1085 697 1125; x_wconf 78' lang='lat' dir='ltr'><strong>quam</strong></span> <span class='ocrx_word' id='word_1_67' title='bbox 735 1072 821 1111; x_wconf 82' lang='lat' dir='ltr'><strong>ulla</strong></span> <span class='ocrx_word' id='word_1_68' title='bbox 858 1085 1045 1124; x_wconf 79' lang='lat' dir='ltr'><strong>umquam</strong></span> <span class='ocrx_word' id='word_1_69' title='bbox 1086 1078 1211 1110; x_wconf 78' lang='lat' dir='ltr'><strong>mater</strong></span> <span class='ocrx_word' id='word_1_70' title='bbox 1247 1071 1453 1119; x_wconf 72' lang='lat' dir='ltr'><strong>amiserit,</strong></span> 
     </span>
     <span class='ocr_line' id='line_1_12' title="bbox 291 1139 1454 1196; baseline -0.003 -14"><span class='ocrx_word' id='word_1_71' title='bbox 291 1151 465 1196; x_wconf 76' lang='lat' dir='ltr'><strong>ereptum</strong></span> <span class='ocrx_word' id='word_1_72' title='bbox 491 1151 549 1182; x_wconf 82' lang='lat' dir='ltr'><strong>est</strong></span> <span class='ocrx_word' id='word_1_73' title='bbox 577 1142 659 1195; x_wconf 81' lang='lat' dir='ltr'><strong>(VI.</strong></span> <span class='ocrx_word' id='word_1_74' title='bbox 691 1144 714 1195; x_wconf 86' lang='lat'>§</span> <span class='ocrx_word' id='word_1_75' title='bbox 752 1143 805 1196; x_wconf 83' lang='lat' dir='ltr'><strong>l.)</strong></span> <span class='ocrx_word' id='word_1_76' title='bbox 860 1141 1096 1194; x_wconf 87' lang='lat' dir='ltr'><strong>Hujusmodi</strong></span> <span class='ocrx_word' id='word_1_77' title='bbox 1124 1156 1285 1196; x_wconf 85' lang='lat' dir='ltr'><strong>quoque</strong></span> <span class='ocrx_word' id='word_1_78' title='bbox 1309 1139 1454 1180; x_wconf 83' lang='lat' dir='ltr'><strong>malum</strong></span> 
     </span>
     <span class='ocr_line' id='line_1_13' title="bbox 292 1212 1454 1268; baseline -0.003 -15"><span class='ocrx_word' id='word_1_79' title='bbox 292 1215 420 1253; x_wconf 80' lang='lat' dir='ltr'><strong>curari</strong></span> <span class='ocrx_word' id='word_1_80' title='bbox 452 1228 562 1268; x_wconf 88' lang='lat' dir='ltr'><strong>posse</strong></span> <span class='ocrx_word' id='word_1_81' title='bbox 594 1224 638 1253; x_wconf 93' lang='lat' dir='ltr'><strong>ut</strong></span> <span class='ocrx_word' id='word_1_82' title='bbox 670 1214 806 1253; x_wconf 87' lang='lat' dir='ltr'><strong>doceat</strong></span> <span class='ocrx_word' id='word_1_83' title='bbox 839 1215 981 1254; x_wconf 81' lang='lat' dir='ltr'><strong>Seneca</strong></span> <span class='ocrx_word' id='word_1_84' title='bbox 994 1244 1005 1262; x_wconf 91' lang='lat'><strong>‚</strong></span> <span class='ocrx_word' id='word_1_85' title='bbox 1042 1213 1226 1253; x_wconf 78' lang='lat' dir='ltr'><strong>Marciam</strong></span> <span class='ocrx_word' id='word_1_86' title='bbox 1258 1212 1454 1252; x_wconf 84' lang='lat' dir='ltr'><strong>dicentem</strong></span> 
     </span>
     <span class='ocr_line' id='line_1_14' title="bbox 290 1282 1455 1338; baseline -0.003 -14"><span class='ocrx_word' id='word_1_87' title='bbox 290 1285 403 1325; x_wconf 83' lang='lat' dir='ltr'><strong>facit:</strong></span> <span class='ocrx_word' id='word_1_88' title='bbox 425 1285 599 1324; x_wconf 87' lang='lat' dir='ltr'><strong>concedo</strong></span> <span class='ocrx_word' id='word_1_89' title='bbox 616 1284 727 1323; x_wconf 77' lang='lat' dir='ltr'><strong>illum</strong></span> <span class='ocrx_word' id='word_1_90' title='bbox 743 1284 896 1323; x_wconf 88' lang='lat' dir='ltr'><strong>luctum</strong></span> <span class='ocrx_word' id='word_1_91' title='bbox 911 1285 1150 1332; x_wconf 82' lang='lat' dir='ltr'><strong>pertinacem</strong></span> <span class='ocrx_word' id='word_1_92' title='bbox 1175 1282 1455 1338; x_wconf 87' lang='lat' dir='ltr'><strong>deponendum</strong></span> 
     </span>
     <span class='ocr_line' id='line_1_15' title="bbox 290 1354 1454 1410; baseline -0.001 -16"><span class='ocrx_word' id='word_1_93' title='bbox 290 1369 392 1405; x_wconf 88' lang='lat' dir='ltr'><strong>esse,</strong></span> <span class='ocrx_word' id='word_1_94' title='bbox 422 1357 493 1395; x_wconf 75' lang='lat' dir='ltr'><strong>sed</strong></span> <span class='ocrx_word' id='word_1_95' title='bbox 517 1356 702 1394; x_wconf 74' lang='lat' dir='ltr'><strong>naturale</strong></span> <span class='ocrx_word' id='word_1_96' title='bbox 730 1363 791 1394; x_wconf 76' lang='lat' dir='ltr'><strong>eet</strong></span> <span class='ocrx_word' id='word_1_97' title='bbox 804 1356 1039 1395; x_wconf 73' lang='lat' dir='ltr'><strong>desiderium</strong></span> <span class='ocrx_word' id='word_1_98' title='bbox 1057 1369 1223 1394; x_wconf 73' lang='lat' dir='ltr'><strong>suorum</strong></span> <span class='ocrx_word' id='word_1_99' title='bbox 1239 1354 1351 1410; x_wconf 83' lang='lat' dir='ltr'><strong>(cap.</strong></span> <span class='ocrx_word' id='word_1_100' title='bbox 1368 1354 1454 1393; x_wconf 82' lang='lat' dir='ltr'><strong>Vll.</strong></span> 
     </span>
     <span class='ocr_line' id='line_1_16' title="bbox 293 1426 1454 1481; baseline -0.002 -14"><span class='ocrx_word' id='word_1_101' title='bbox 293 1430 317 1480; x_wconf 85' lang='lat'>§</span> <span class='ocrx_word' id='word_1_102' title='bbox 343 1428 417 1480; x_wconf 89' lang='grc'>1.),</span> <span class='ocrx_word' id='word_1_103' title='bbox 437 1438 595 1467; x_wconf 78' lang='lat' dir='ltr'><strong>naturae</strong></span> <span class='ocrx_word' id='word_1_104' title='bbox 622 1441 712 1466; x_wconf 87' lang='lat' dir='ltr'><strong>vero</strong></span> <span class='ocrx_word' id='word_1_105' title='bbox 739 1442 956 1481; x_wconf 85' lang='lat' dir='ltr'><strong>repugnare</strong></span> <span class='ocrx_word' id='word_1_106' title='bbox 969 1457 981 1478; x_wconf 89' lang='lat'>,</span> <span class='ocrx_word' id='word_1_107' title='bbox 1001 1427 1100 1481; x_wconf 87' lang='lat' dir='ltr'><strong>quid</strong></span> <span class='ocrx_word' id='word_1_108' title='bbox 1116 1438 1175 1466; x_wconf 88' lang='lat' dir='ltr'><strong>est</strong></span> <span class='ocrx_word' id='word_1_109' title='bbox 1189 1426 1316 1475; x_wconf 83' lang='lat' dir='ltr'><strong>aliud,</strong></span> <span class='ocrx_word' id='word_1_110' title='bbox 1334 1441 1454 1480; x_wconf 84' lang='lat' dir='ltr'><strong>quam</strong></span> 
     </span>
     <span class='ocr_line' id='line_1_17' title="bbox 291 1496 1423 1549; baseline 0.001 -13"><span class='ocrx_word' id='word_1_111' title='bbox 291 1498 496 1549; x_wconf 86' lang='lat' dir='ltr'><strong>Gigantum</strong></span> <span class='ocrx_word' id='word_1_112' title='bbox 530 1496 647 1537; x_wconf 89' lang='lat' dir='ltr'><strong>modo</strong></span> <span class='ocrx_word' id='word_1_113' title='bbox 678 1497 821 1537; x_wconf 79' lang='lat' dir='ltr'><strong>bellare</strong></span> <span class='ocrx_word' id='word_1_114' title='bbox 854 1513 946 1538; x_wconf 91' lang='lat' dir='ltr'><strong>cum</strong></span> <span class='ocrx_word' id='word_1_115' title='bbox 979 1498 1090 1538; x_wconf 79' lang='lat' dir='ltr'><strong>Diis?</strong></span> <span class='ocrx_word' id='word_1_116' title='bbox 1118 1508 1164 1538; x_wconf 93' lang='lat' dir='ltr'><strong>ut</strong></span> <span class='ocrx_word' id='word_1_117' title='bbox 1190 1498 1242 1538; x_wconf 82' lang='lat' dir='ltr'><strong>ait</strong></span> <span class='ocrx_word' id='word_1_118' title='bbox 1275 1497 1423 1537; x_wconf 87' lang='lat' dir='ltr'><strong>Cicero.</strong></span> 
     </span>
    </p>

    <p class='ocr_par' dir='ltr' id='par_1_4' title="bbox 289 1568 1457 2558">
     <span class='ocr_line' id='line_1_18' title="bbox 345 1568 1451 1623; baseline 0 -16"><span class='ocrx_word' id='word_1_119' title='bbox 345 1568 535 1607; x_wconf 73' lang='lat' dir='ltr'><strong>Concedit</strong></span> <span class='ocrx_word' id='word_1_120' title='bbox 567 1569 711 1608; x_wconf 85' lang='lat' dir='ltr'><strong>Seneca</strong></span> <span class='ocrx_word' id='word_1_121' title='bbox 738 1569 892 1608; x_wconf 85' lang='lat' dir='ltr'><strong>luctum</strong></span> <span class='ocrx_word' id='word_1_122' title='bbox 919 1569 1082 1623; x_wconf 86' lang='lat' dir='ltr'><strong>quidem</strong></span> <span class='ocrx_word' id='word_1_123' title='bbox 1107 1568 1322 1608; x_wconf 78' lang='lat' dir='ltr'><strong>naturalem</strong></span> <span class='ocrx_word' id='word_1_124' title='bbox 1350 1582 1451 1619; x_wconf 77' lang='lat' dir='ltr'><strong>esse,</strong></span> 
     </span>
     <span class='ocr_line' id='line_1_19' title="bbox 292 1639 1457 1695; baseline 0.001 -16"><span class='ocrx_word' id='word_1_125' title='bbox 292 1654 373 1680; x_wconf 91' lang='lat' dir='ltr'><strong>non</strong></span> <span class='ocrx_word' id='word_1_126' title='bbox 400 1654 491 1680; x_wconf 89' lang='lat' dir='ltr'><strong>vero</strong></span> <span class='ocrx_word' id='word_1_127' title='bbox 516 1640 769 1694; x_wconf 85' lang='lat' dir='ltr'><strong>pertinaciam</strong></span> <span class='ocrx_word' id='word_1_128' title='bbox 791 1640 833 1679; x_wconf 84' lang='lat' dir='ltr'><strong>in</strong></span> <span class='ocrx_word' id='word_1_129' title='bbox 866 1639 991 1680; x_wconf 89' lang='lat' dir='ltr'><strong>luctu.</strong></span> <span class='ocrx_word' id='word_1_130' title='bbox 1050 1640 1135 1681; x_wconf 84' lang='lat' dir='ltr'><strong>Hoc</strong></span> <span class='ocrx_word' id='word_1_131' title='bbox 1156 1639 1342 1695; x_wconf 86' lang='lat' dir='ltr'><strong>exemplis</strong></span> <span class='ocrx_word' id='word_1_132' title='bbox 1368 1655 1457 1694; x_wconf 89' lang='lat' dir='ltr'><strong>pro-</strong></span> 
     </span>
     <span class='ocr_line' id='line_1_20' title="bbox 293 1711 1454 1768; baseline 0 -18"><span class='ocrx_word' id='word_1_133' title='bbox 293 1712 382 1761; x_wconf 89' lang='lat' dir='ltr'><strong>bat,</strong></span> <span class='ocrx_word' id='word_1_134' title='bbox 420 1722 462 1751; x_wconf 91' lang='lat' dir='ltr'><strong>et</strong></span> <span class='ocrx_word' id='word_1_135' title='bbox 501 1711 642 1766; x_wconf 86' lang='lat' dir='ltr'><strong>incipit</strong></span> <span class='ocrx_word' id='word_1_136' title='bbox 678 1726 700 1750; x_wconf 89' lang='lat' dir='ltr'><strong>a</strong></span> <span class='ocrx_word' id='word_1_137' title='bbox 741 1712 896 1763; x_wconf 87' lang='lat' dir='ltr'><strong>bestiis,</strong></span> <span class='ocrx_word' id='word_1_138' title='bbox 935 1727 1123 1768; x_wconf 79' lang='lat' dir='ltr'><strong>quarum,</strong></span> <span class='ocrx_word' id='word_1_139' title='bbox 1152 1727 1279 1768; x_wconf 88' lang='lat' dir='ltr'><strong>quum</strong></span> <span class='ocrx_word' id='word_1_140' title='bbox 1310 1711 1454 1753; x_wconf 83' lang='lat' dir='ltr'><strong>catulos</strong></span> 
     </span>
     <span class='ocr_line' id='line_1_21' title="bbox 290 1783 1455 1839; baseline -0.001 -15"><span class='ocrx_word' id='word_1_141' title='bbox 290 1784 509 1832; x_wconf 81' lang='lat' dir='ltr'><strong>amiserint,</strong></span> <span class='ocrx_word' id='word_1_142' title='bbox 538 1784 729 1824; x_wconf 88' lang='lat' dir='ltr'><strong>concitata</strong></span> <span class='ocrx_word' id='word_1_143' title='bbox 755 1783 919 1839; x_wconf 86' lang='lat' dir='ltr'><strong>quidem</strong></span> <span class='ocrx_word' id='word_1_144' title='bbox 949 1796 1044 1825; x_wconf 88' lang='lat' dir='ltr'><strong>sunt</strong></span> <span class='ocrx_word' id='word_1_145' title='bbox 1067 1783 1279 1834; x_wconf 85' lang='lat' dir='ltr'><strong>desideria,</strong></span> <span class='ocrx_word' id='word_1_146' title='bbox 1304 1783 1373 1823; x_wconf 86' lang='lat' dir='ltr'><strong>sed</strong></span> <span class='ocrx_word' id='word_1_147' title='bbox 1403 1794 1455 1823; x_wconf 90' lang='lat' dir='ltr'><strong>ta-</strong></span> 
     </span>
     <span class='ocr_line' id='line_1_22' title="bbox 291 1853 1451 1909; baseline 0 -15"><span class='ocrx_word' id='word_1_148' title='bbox 291 1869 381 1895; x_wconf 90' lang='lat' dir='ltr'><strong>men</strong></span> <span class='ocrx_word' id='word_1_149' title='bbox 401 1855 638 1897; x_wconf 80' lang='lat' dir='ltr'><strong>brevissima.</strong></span> <span class='ocrx_word' id='word_1_150' title='bbox 691 1855 747 1895; x_wconf 87' lang='lat' dir='ltr'><strong>De</strong></span> <span class='ocrx_word' id='word_1_151' title='bbox 762 1855 841 1896; x_wconf 91' lang='lat' dir='ltr'><strong>hoc</strong></span> <span class='ocrx_word' id='word_1_152' title='bbox 857 1866 1081 1907; x_wconf 83' lang='lat' dir='ltr'><strong>argumento</strong></span> <span class='ocrx_word' id='word_1_153' title='bbox 1102 1854 1199 1895; x_wconf 90' lang='lat' dir='ltr'><strong>male</strong></span> <span class='ocrx_word' id='word_1_154' title='bbox 1216 1853 1451 1909; x_wconf 79' lang='lat' dir='ltr'><strong>aliquando,</strong></span> 
     </span>
     <span class='ocr_line' id='line_1_23' title="bbox 292 1924 1449 1980; baseline 0.001 -15"><span class='ocrx_word' id='word_1_155' title='bbox 292 1937 338 1967; x_wconf 90' lang='lat' dir='ltr'><strong>ut</strong></span> <span class='ocrx_word' id='word_1_156' title='bbox 355 1927 452 1966; x_wconf 90' lang='lat' dir='ltr'><strong>mihi</strong></span> <span class='ocrx_word' id='word_1_157' title='bbox 468 1926 644 1977; x_wconf 86' lang='lat' dir='ltr'><strong>videtur,</strong></span> <span class='ocrx_word' id='word_1_158' title='bbox 666 1926 861 1967; x_wconf 87' lang='lat' dir='ltr'><strong>intellecto</strong></span> <span class='ocrx_word' id='word_1_159' title='bbox 877 1926 1050 1967; x_wconf 85' lang='lat' dir='ltr'><strong>videatur</strong></span> <span class='ocrx_word' id='word_1_160' title='bbox 1071 1937 1163 1966; x_wconf 88' lang='lat' dir='ltr'><strong>nota</strong></span> <span class='ocrx_word' id='word_1_161' title='bbox 1183 1924 1232 1965; x_wconf 81' lang='lat' dir='ltr'><strong>ud</strong></span> <span class='ocrx_word' id='word_1_162' title='bbox 1250 1926 1346 1980; x_wconf 83' lang='lat' dir='ltr'><strong>Cap.</strong></span> <span class='ocrx_word' id='word_1_163' title='bbox 1363 1926 1449 1966; x_wconf 78' lang='lat' dir='ltr'><strong>Vll.</strong></span> 
     </span>
     <span class='ocr_line' id='line_1_24' title="bbox 289 1996 1452 2053; baseline -0.002 -14"><span class='ocrx_word' id='word_1_164' title='bbox 289 2013 328 2039; x_wconf 86' lang='lat' dir='ltr'><strong>v.</strong></span> <span class='ocrx_word' id='word_1_165' title='bbox 356 1999 527 2051; x_wconf 77' lang='lat' dir='ltr'><strong>adepioe.</strong></span> <span class='ocrx_word' id='word_1_166' title='bbox 584 1996 731 2037; x_wconf 89' lang='lat' dir='ltr'><strong>Deinde</strong></span> <span class='ocrx_word' id='word_1_167' title='bbox 769 1996 909 2039; x_wconf 84' lang='lat' dir='ltr'><strong>docet:</strong></span> <span class='ocrx_word' id='word_1_168' title='bbox 938 2012 998 2037; x_wconf 89' lang='lat' dir='ltr'><strong>eas</strong></span> <span class='ocrx_word' id='word_1_169' title='bbox 1026 2012 1110 2048; x_wconf 76' lang='lat' dir='ltr'><strong>res,</strong></span> <span class='ocrx_word' id='word_1_170' title='bbox 1138 2012 1237 2053; x_wconf 88' lang='lat' dir='ltr'><strong>quae</strong></span> <span class='ocrx_word' id='word_1_171' title='bbox 1265 2013 1288 2037; x_wconf 85' lang='lat' dir='ltr'><strong>a</strong></span> <span class='ocrx_word' id='word_1_172' title='bbox 1315 2008 1452 2038; x_wconf 88' lang='lat' dir='ltr'><strong>natura</strong></span> 
     </span>
     <span class='ocr_line' id='line_1_25' title="bbox 291 2068 1450 2125; baseline -0.001 -15"><span class='ocrx_word' id='word_1_173' title='bbox 291 2071 372 2110; x_wconf 84' lang='lat' dir='ltr'><strong>vim</strong></span> <span class='ocrx_word' id='word_1_174' title='bbox 391 2078 647 2123; x_wconf 86' lang='lat' dir='ltr'><strong>acceperunt,</strong></span> <span class='ocrx_word' id='word_1_175' title='bbox 670 2068 774 2108; x_wconf 83' lang='lat' dir='ltr'><strong>hanc</strong></span> <span class='ocrx_word' id='word_1_176' title='bbox 791 2069 869 2109; x_wconf 84' lang='lat' dir='ltr'><strong>vim</strong></span> <span class='ocrx_word' id='word_1_177' title='bbox 884 2083 1038 2124; x_wconf 86' lang='lat' dir='ltr'><strong>semper</strong></span> <span class='ocrx_word' id='word_1_178' title='bbox 1053 2069 1249 2125; x_wconf 86' lang='lat' dir='ltr'><strong>aequalem</strong></span> <span class='ocrx_word' id='word_1_179' title='bbox 1264 2070 1450 2109; x_wconf 84' lang='lat' dir='ltr'><strong>retinere:</strong></span> 
     </span>
     <span class='ocr_line' id='line_1_26' title="bbox 294 2140 1455 2196; baseline 0 -15"><span class='ocrx_word' id='word_1_180' title='bbox 294 2141 443 2181; x_wconf 85' lang='lat' dir='ltr'><strong>ferrum</strong></span> <span class='ocrx_word' id='word_1_181' title='bbox 467 2155 501 2180; x_wconf 92' lang='lat' dir='ltr'><strong>e.</strong></span> <span class='ocrx_word' id='word_1_182' title='bbox 530 2156 566 2193; x_wconf 90' lang='lat' dir='ltr'><strong>g.</strong></span> <span class='ocrx_word' id='word_1_183' title='bbox 598 2141 641 2179; x_wconf 86' lang='lat' dir='ltr'><strong>in</strong></span> <span class='ocrx_word' id='word_1_184' title='bbox 668 2154 782 2180; x_wconf 90' lang='lat' dir='ltr'><strong>omne</strong></span> <span class='ocrx_word' id='word_1_185' title='bbox 808 2155 951 2196; x_wconf 89' lang='lat' dir='ltr'><strong>corpus</strong></span> <span class='ocrx_word' id='word_1_186' title='bbox 976 2140 1135 2182; x_wconf 81' lang='lat' dir='ltr'><strong>secandi</strong></span> <span class='ocrx_word' id='word_1_187' title='bbox 1156 2142 1370 2196; x_wconf 78' lang='lat' dir='ltr'><strong>potentiam</strong></span> <span class='ocrx_word' id='word_1_188' title='bbox 1393 2156 1455 2181; x_wconf 83' lang='lat' dir='ltr'><strong>ex-</strong></span> 
     </span>
     <span class='ocr_line' id='line_1_27' title="bbox 291 2212 1453 2264; baseline 0.001 -11"><span class='ocrx_word' id='word_1_189' title='bbox 291 2213 425 2254; x_wconf 90' lang='lat' dir='ltr'><strong>hibere</strong></span> <span class='ocrx_word' id='word_1_190' title='bbox 440 2231 452 2254; x_wconf 69' lang='grc' dir='ltr'>ι</span> <span class='ocrx_word' id='word_1_191' title='bbox 493 2212 645 2254; x_wconf 90' lang='lat' dir='ltr'><strong>luctum</strong></span> <span class='ocrx_word' id='word_1_192' title='bbox 679 2224 836 2264; x_wconf 83' lang='lat' dir='ltr'><strong>contra,</strong></span> <span class='ocrx_word' id='word_1_193' title='bbox 874 2212 995 2254; x_wconf 89' lang='lat' dir='ltr'><strong>alium</strong></span> <span class='ocrx_word' id='word_1_194' title='bbox 1033 2213 1143 2254; x_wconf 87' lang='lat' dir='ltr'><strong>aliter</strong></span> <span class='ocrx_word' id='word_1_195' title='bbox 1183 2214 1337 2255; x_wconf 88' lang='lat' dir='ltr'><strong>sentire.</strong></span> <span class='ocrx_word' id='word_1_196' title='bbox 1395 2214 1453 2254; x_wconf 81' lang='lat' dir='ltr'><strong>Ex</strong></span> 
     </span>
     <span class='ocr_line' id='line_1_28' title="bbox 294 2285 1453 2343; baseline -0.001 -16"><span class='ocrx_word' id='word_1_197' title='bbox 294 2288 440 2343; x_wconf 88' lang='lat' dir='ltr'><strong>quibus</strong></span> <span class='ocrx_word' id='word_1_198' title='bbox 466 2285 611 2339; x_wconf 85' lang='lat' dir='ltr'><strong>colligit</strong></span> <span class='ocrx_word' id='word_1_199' title='bbox 633 2287 875 2341; x_wconf 86' lang='lat' dir='ltr'><strong>pertinacem</strong></span> <span class='ocrx_word' id='word_1_200' title='bbox 899 2286 1020 2340; x_wconf 86' lang='lat' dir='ltr'><strong>hujus</strong></span> <span class='ocrx_word' id='word_1_201' title='bbox 1039 2286 1167 2327; x_wconf 89' lang='lat' dir='ltr'><strong>luctus</strong></span> <span class='ocrx_word' id='word_1_202' title='bbox 1185 2287 1263 2328; x_wconf 89' lang='lat' dir='ltr'><strong>vim</strong></span> <span class='ocrx_word' id='word_1_203' title='bbox 1278 2301 1359 2327; x_wconf 88' lang='lat' dir='ltr'><strong>non</strong></span> <span class='ocrx_word' id='word_1_204' title='bbox 1374 2300 1453 2326; x_wconf 87' lang='lat' dir='ltr'><strong>esse</strong></span> 
     </span>
     <span class='ocr_line' id='line_1_29' title="bbox 292 2358 1454 2415; baseline -0.001 -17"><span class='ocrx_word' id='word_1_205' title='bbox 292 2358 520 2400; x_wconf 82' lang='lat' dir='ltr'><strong>naturalem.</strong></span> <span class='ocrx_word' id='word_1_206' title='bbox 575 2358 707 2414; x_wconf 84' lang='lat' dir='ltr'><strong>Capite</strong></span> <span class='ocrx_word' id='word_1_207' title='bbox 727 2359 820 2399; x_wconf 82' lang='lat' dir='ltr'><strong>VIII</strong></span> <span class='ocrx_word' id='word_1_208' title='bbox 848 2361 978 2414; x_wconf 84' lang='lat' dir='ltr'><strong>pergit</strong></span> <span class='ocrx_word' id='word_1_209' title='bbox 1005 2361 1174 2415; x_wconf 83' lang='lat' dir='ltr'><strong>probare</strong></span> <span class='ocrx_word' id='word_1_210' title='bbox 1199 2358 1342 2400; x_wconf 90' lang='lat' dir='ltr'><strong>doloris</strong></span> <span class='ocrx_word' id='word_1_211' title='bbox 1370 2373 1454 2414; x_wconf 88' lang='lat' dir='ltr'><strong>per-</strong></span> 
     </span>
     <span class='ocr_line' id='line_1_30' title="bbox 294 2429 1451 2486; baseline 0 -19"><span class='ocrx_word' id='word_1_212' title='bbox 294 2430 476 2470; x_wconf 82' lang='lat' dir='ltr'><strong>tinaciam</strong></span> <span class='ocrx_word' id='word_1_213' title='bbox 500 2445 581 2469; x_wconf 87' lang='lat' dir='ltr'><strong>non</strong></span> <span class='ocrx_word' id='word_1_214' title='bbox 603 2444 682 2470; x_wconf 86' lang='lat' dir='ltr'><strong>esse</strong></span> <span class='ocrx_word' id='word_1_215' title='bbox 706 2444 728 2469; x_wconf 91' lang='lat' dir='ltr'><strong>e</strong></span> <span class='ocrx_word' id='word_1_216' title='bbox 747 2440 908 2482; x_wconf 78' lang='lat' dir='ltr'><strong>natura,</strong></span> <span class='ocrx_word' id='word_1_217' title='bbox 937 2447 1064 2486; x_wconf 87' lang='lat' dir='ltr'><strong>quum</strong></span> <span class='ocrx_word' id='word_1_218' title='bbox 1087 2432 1130 2471; x_wconf 91' lang='lat' dir='ltr'><strong>in</strong></span> <span class='ocrx_word' id='word_1_219' title='bbox 1148 2431 1228 2471; x_wconf 85' lang='lat' dir='ltr'><strong>dies</strong></span> <span class='ocrx_word' id='word_1_220' title='bbox 1244 2429 1451 2471; x_wconf 78' lang='lat' dir='ltr'><strong>decrescat.</strong></span> 
     </span>
     <span class='ocr_line' id='line_1_31' title="bbox 293 2501 1448 2558; baseline 0 -17"><span class='ocrx_word' id='word_1_221' title='bbox 293 2502 440 2552; x_wconf 81' lang='lat' dir='ltr'><strong>Quibus</strong></span> <span class='ocrx_word' id='word_1_222' title='bbox 480 2504 653 2557; x_wconf 84' lang='lat' dir='ltr'><strong>probatis</strong></span> <span class='ocrx_word' id='word_1_223' title='bbox 693 2502 877 2543; x_wconf 77' lang='lat' dir='ltr'><strong>Marciam</strong></span> <span class='ocrx_word' id='word_1_224' title='bbox 914 2504 1025 2558; x_wconf 88' lang='lat' dir='ltr'><strong>quasi</strong></span> <span class='ocrx_word' id='word_1_225' title='bbox 1056 2504 1302 2555; x_wconf 77' lang='lat' dir='ltr'><strong>objicientem</strong></span> <span class='ocrx_word' id='word_1_226' title='bbox 1332 2501 1448 2542; x_wconf 85' lang='lat' dir='ltr'><strong>facit:</strong></span> 
     </span>
    </p>
   </div>
  </div>
 </body>
</html>
