1848 3122
992 308 1042 347 28

419 435 529 477 Helv.
564 451 646 489 cap.
675 436 694 474 Ι
723 438 748 487 5
778 436 858 489 3.)=
888 435 970 476 »Se
997 449 1089 476 eum
1108 450 1190 476 esse
1208 437 1280 490 qui
1296 436 1470 476 omnium
1483 435 1584 476 solus

420 520 510 546 suos
538 504 752 546 consolatus
782 515 900 554 esset,
927 520 1055 560 quum
1070 506 1154 561 ipse
1170 506 1219 544 ab
1236 505 1316 545 aliis
1334 505 1585 561 complorare-

417 578 526 617 tur.”
580 575 658 617 Sed
688 576 792 616 nihil
820 576 1050 629 hujusmodi
1076 578 1119 623 in
1149 576 1410 618 consolatione
1426 577 1475 618 ad
1493 577 1589 618 Mar-

416 648 515 687 ciam
540 647 705 702 profert.
761 648 945 704 Denique
970 649 1054 703 ipse
1082 647 1264 688 orationis
1292 646 1399 687 color
1421 663 1503 688 non
1528 660 1585 689 est

410 717 486 758 viri
517 717 625 757 malis
651 718 804 769 afflicti,
832 718 900 758 sed
930 718 1042 758 liberi
1070 718 1271 773 erectique
1295 717 1428 758 animi.
1470 718 1584 769 Quod

410 803 487 843 pro
513 788 644 829 multis
672 803 774 828 unus
798 789 867 829 hic
890 788 998 830 locus
1023 789 1186 844 probat:
1218 788 1303 842 (XX
1323 791 1346 841 §
1371 789 1433 843 2)=
1463 789 1580 829 Mors

410 861 618 901 exsulibus
646 862 691 901 in
711 862 893 915 patriam
910 875 1066 916 sempor
1080 862 1266 901 animum
1282 861 1488 914 oculosque
1504 868 1583 900 tm-

412 933 616 978 denfibus,
640 933 827 984 ostendit,
847 934 954 972 nihil
972 935 1162 972 interesse
1178 934 1284 971 inter
1302 946 1400 985 quos
1417 933 1582 985 quisque

404 1004 552 1055 jaceat.
605 1002 708 1053 Quae
734 1004 851 1043 verba
875 1017 958 1043 non
973 1002 1121 1044 diceret
1137 1003 1198 1043 vir
1220 1001 1354 1042 exsilio
1369 1000 1580 1054 multatus,

408 1073 612 1127 hujusque
636 1073 770 1113 dolore
799 1075 980 1115 afflictus.
1034 1076 1174 1129 Itaque
1195 1089 1286 1114 cum
1312 1074 1470 1128 Lipsio;
1490 1088 1580 1113 nam

408 1143 625 1197 Ruhkopfii
651 1155 948 1195 argumentum,
975 1155 1022 1184 ut
1052 1146 1155 1183 bene
1178 1143 1349 1183 ostendit
1376 1143 1581 1183 Heidbree-

409 1213 497 1254 dius
517 1215 621 1270 (pag.
638 1219 663 1257 9
680 1226 720 1256 et
741 1217 805 1271 10)
822 1231 904 1256 non
919 1214 1207 1256 admittendum
1222 1225 1303 1266 est3
1328 1213 1580 1255 statuendum

408 1285 507 1325 mihi
533 1285 711 1327 videtum
742 1287 825 1327 veri
860 1301 940 1326 esse
979 1286 1239 1326 simillimum:
1281 1284 1579 1325 consolationem

409 1356 459 1397 ad
491 1356 673 1398 Marciam
704 1358 815 1399 brevi
844 1369 935 1413 post
967 1359 1134 1400 Senecae
1177 1356 1356 1398 exsilium
1390 1357 1580 1412 scriptam

409 1442 504 1468 esse.
559 1428 662 1469 Huic
685 1439 813 1469 autem
842 1430 1023 1485 opinioni
1048 1429 1175 1470 favere
1196 1427 1295 1466 mihi
1311 1426 1493 1468 videntur
1508 1441 1576 1477 ea,

407 1513 507 1554 quae
532 1514 650 1538 manu
672 1514 740 1539 sua
766 1501 926 1556 scripsit
944 1500 1192 1541 casaubonus
1212 1499 1256 1538 in
1273 1498 1439 1539 Senecae
1454 1497 1577 1548 illius,

409 1585 529 1624 quam
561 1584 680 1624 supra
707 1571 847 1622 retuli,
878 1570 1059 1611 editionis
1093 1569 1219 1609 titulo.
1272 1569 1391 1607 Exul
1416 1570 1582 1622 scripsit

410 1640 718 1679 consolationem
751 1641 806 1680 ad
839 1641 1081 1693 Polybium;
1124 1653 1200 1693 quo
1235 1646 1311 1677 toto
1345 1640 1446 1678 libro
1480 1641 1580 1678 mire

409 1710 602 1748 adulatur
620 1699 797 1750 Caesari.
830 1709 1003 1763 Scripsit
1020 1712 1140 1749 etiam
1157 1710 1251 1748 exul
1266 1710 1578 1748 consolationem

408 1779 466 1818 ad
488 1787 657 1819 matrem
683 1795 802 1820 suam
827 1782 1033 1820 Helviam.-
1058 1780 1238 1820 libellum
1267 1793 1348 1818 non
1374 1779 1580 1832 legendum

393 1852 626 1905 juventuti,
667 1853 739 1892 sed
773 1853 829 1892 ad
861 1853 1023 1892 verbum
1056 1852 1321 1891 ediscendum.
1376 1850 1450 1890 Has
1482 1849 1579 1891 duas

408 1930 561 1960 tantum
584 1921 870 1963 consolationes
896 1934 942 1963 ut
969 1924 1013 1963 in
1043 1922 1177 1963 exsilio
1191 1922 1359 1977 scriptas
1376 1922 1572 1972 nominat,

408 1990 478 2031 sed
504 1991 606 2032 nihil
633 1993 706 2034 tale
734 1993 783 2035 de
806 1993 1061 2036 consolatione
1075 1993 1125 2034 ad
1142 1993 1325 2035 Marciam
1339 1991 1468 2044 addit,
1486 2006 1578 2032 cum

408 2062 551 2102 iterum
564 2063 607 2103 in
625 2063 890 2106 consolationis
906 2065 956 2106 ad
971 2051 1145 2108 Helviam
1158 2066 1271 2107 initio
1287 2074 1446 2105 annotet
1458 2081 1470 2105 ι
1495 2062 1578 2102 E'st
1619 2108 1622 2112 ,

413 2133 514 2174 libor
528 2135 580 2175 ab
597 2138 709 2178 exule
724 2136 870 2179 Seneca
887 2141 1081 2193 scriptus,
1105 2146 1143 2178 ot
1158 2139 1214 2179 ad
1226 2146 1392 2179 matrem
1414 2137 1576 2177 miuus.
