1848 3122
770 271 828 315 97

182 406 437 465 dependenti.
505 402 684 446 Tandem
722 404 780 447 ibi
816 403 1017 458 constitit,
1059 402 1178 450 unde,
1202 402 1262 444 nil
1299 416 1393 446 eum

181 483 328 541 pellat,
357 481 429 524 ubi
456 480 522 522 nil·
541 487 700 524 terreat.

235 559 324 600 XX.
354 559 390 601 Ο
414 559 566 614 ignaros
587 557 784 600 malorum
807 571 992 611 sum,
1011 558 1158 614 quibus
1183 571 1265 599 non
1283 570 1391 599 mors

177 643 225 679 ut
260 635 456 693 optimum
488 636 694 678 inventum
726 641 892 677 naturae
927 633 1130 677 laudatur!
1169 647 1272 690 quae
1306 633 1389 676 sive

176 711 403 755 felicitatem
435 710 627 765 includit,
666 711 747 753 sive
782 710 1046 753 calamitatem
1081 709 1264 767 repellit,
1306 710 1389 751 sive

172 790 393 831 satietatem
425 794 495 830 aut
518 786 788 829 lassitudinem
808 788 911 829 senis
937 787 1146 839 terminat,
1175 786 1256 828 sive
1276 786 1391 833 iuve-

174 863 255 905 nile
288 876 451 920 aevum,
490 861 589 903 dum
614 862 775 904 meliora
796 869 1033 917 sperantur,
1071 862 1114 901 in
1138 860 1238 902 flore
1261 861 1393 907 dedu-

174 939 252 990 cit,
291 939 374 979 sive
418 938 630 993 pueritiam
674 945 767 979 ante
811 936 989 977 duriores
1030 936 1175 990 gradus
1215 943 1394 978 revocat:

174 1011 360 1055 omnibus
383 1010 495 1066 finis,
532 1011 669 1055 multis
693 1010 935 1073 remedium,
974 1010 1214 1068 quibusdam
1232 1018 1394 1066 votum,

175 1090 227 1130 de
263 1088 383 1131 nullis
414 1088 557 1131 melius
586 1089 749 1142 merita,
778 1102 901 1145 quam
923 1088 975 1129 de
999 1087 1060 1130 his
1084 1088 1136 1129 ad
1157 1103 1257 1144 quos
1285 1088 1394 1131 venit

174 1171 387 1222 antequam
406 1164 664 1206 invocaretur.
724 1162 765 1204 2.
798 1163 905 1205 Haec
927 1163 1158 1205 servitutem
1180 1163 1304 1205 invito
1320 1163 1389 1205 do-

174 1240 282 1281 mino
317 1241 502 1281 remittit:
542 1239 639 1281 haec
672 1240 920 1294 captivorum
952 1247 1110 1280 catenas
1138 1239 1264 1281 levat:
1293 1241 1393 1282 haec

174 1328 198 1356 e
222 1328 377 1357 carcere
403 1314 587 1369 deducit,
616 1328 717 1371 quos
740 1314 845 1356 exire
866 1314 1078 1371 imperium
1103 1304 1300 1372 impotens
1321 1329 1389 1358 ve-

174 1396 323 1433 tuerat:
366 1390 464 1433 haec
502 1390 704 1432 exsulibus
740 1390 783 1431 in
813 1391 982 1446 patriam
1017 1404 1175 1447 semper
1210 1392 1389 1434 animum

174 1466 389 1522 oculosque
420 1466 697 1519 tendentibus,
727 1466 920 1520 ostendit,
956 1466 1055 1507 nihil
1076 1468 1263 1510 interesse
1285 1469 1388 1510 inter

167 1555 274 1598 quos
300 1542 470 1599 quisque
490 1542 632 1584 iaceat:
654 1540 773 1595 haec,
802 1541 875 1584 ubi
895 1555 958 1584 res
981 1555 1210 1586 communes
1232 1542 1391 1586 fortuna

223 1659 310 1699 Sive
322 1664 519 1711 pueritiam
539 1670 619 1699 ame
639 1662 764 1699 durio-
800 1663 933 1709 educit,
952 1664 1016 1700 sed
1028 1664 1193 1712 praefero
1208 1666 1392 1713 vulgatam

171 1737 237 1760 res.
288 1724 360 1759 Cur
394 1725 556 1759 duriores
586 1725 667 1760 illos
696 1736 762 1770 ap-
798 1725 1003 1760 lectionem.
1027 1726 1207 1762 Deducere
1226 1728 1326 1762 enim
1340 1728 1391 1763 la·

171 1784 284 1832 pellet
313 1784 461 1828 Seneca,
489 1784 608 1830 quivis
638 1784 760 1828 novit,
799 1785 927 1820 tiorem
945 1785 1055 1820 habet
1072 1786 1387 1833 significationem,

155 1856 157 1859 '
170 1846 234 1882 sed
248 1858 322 1881 non
335 1841 489 1893 quidlue
503 1858 618 1893 aeque
630 1846 762 1882 diserte
798 1857 912 1892 quum
932 1857 1006 1880 non
1023 1851 1165 1881 tantum
1184 1848 1327 1884 educere
1342 1860 1389 1884 ex

169 1906 427 1954 eleganterque
466 1918 608 1942 causam
645 1908 763 1943 verbis
799 1906 922 1953 aliquo
940 1906 1036 1950 loco,
1069 1907 1132 1942 sed
1149 1908 1258 1943 simul
1277 1909 1387 1945 addu-

171 1963 388 2015 exposuerit,
408 1980 449 2004 ac
465 1973 585 2004 noster
597 1969 683 2004 feeit
694 1969 760 2017 Ep.
801 1979 874 2003 cere
892 1968 931 2002 in
949 1968 1062 2003 alium
1073 1969 1256 2016 significet.
1283 1970 1388 2008 Cous.

171 2029 295 2067 CVIII.
326 2030 352 2079 §
372 2030 432 2067 26.
469 2031 762 2079 Quemadmodum
799 2029 1012 2066 Amtzenius
1025 2029 1195 2079 Panegyr.
1210 2044 1292 2080 pag.
1302 2033 1387 2071 618.

171 2105 216 2128 ez·
236 2092 400 2140 amphora
419 2094 578 2140 primum
601 2094 694 2141 quod
711 2101 763 2130 eet
800 2092 887 2128 Ideo
907 2092 977 2128 hoo
997 2090 1085 2129 loco‘
1096 2094 1261 2130 deducere
1281 2095 1391 2142 signi-

170 2155 450 2197 eincen‘ssimum
469 2155 598 2202 effluit,
617 2157 762 2204 gravia-
800 2154 904 2189 ficet:
936 2166 1031 2190 mors
1058 2168 1133 2191 non
1161 2156 1284 2192 educit
1309 2162 1391 2193 tan-

169 2215 301 2250 simum
331 2214 487 2263 quodque
517 2216 762 2264 turbidumque
799 2220 880 2251 tum
899 2216 1044 2252 miseros
1070 2228 1115 2251 ex
1134 2227 1298 2264 carcere,
1327 2218 1391 2255 sed

171 2276 359 2312 subsidit:
385 2279 439 2313 sic
473 2265 515 2312 'in
547 2284 659 2313 aetate
694 2291 762 2313 no-
800 2290 860 2313 eos
890 2290 1034 2325 quoque
1064 2279 1103 2313 in
1130 2279 1243 2314 alium
1266 2280 1389 2316 locum
1412 2303 1417 2308 -

95 2370 97 2372 ,
171 2344 262 2381 atra,
281 2339 374 2384 quod
388 2341 571 2386 optimum,
590 2340 632 2373 in
641 2332 760 2386 primo
800 2339 977 2385 traducit,
1017 2341 1059 2374 in
1095 2340 1290 2376 libertatem
1317 2349 1388 2376 tam

172 2404 236 2433 est.
801 2401 937 2447 lamam,
971 2404 1013 2436 in
1039 2413 1110 2448 qua
1139 2402 1234 2437 nulli
1264 2402 1389 2436 iterum

223 2458 389 2495 Deducit.
436 2461 575 2509 Lipsius
590 2461 762 2509 conjecit:
800 2470 884 2500 sune
903 2463 1049 2510 tyranni
1071 2461 1169 2510 (Cap.
1188 2462 1277 2498 XIX.
1297 2461 1323 2510 ς
1341 2460 1395 2510 3).

1194 2527 1219 2569 7
