1848 3122
820 303 863 342 15

260 432 416 485 busque
439 428 604 479 Seneca,
631 438 824 484 quantum
851 429 894 468 in
923 442 963 467 se
993 438 1074 469 erat
1088 458 1100 480 ,
1127 428 1422 484 propulsaverat

259 501 412 542 luctum
433 500 619 552 Marciae,
646 515 770 553 majus
787 500 936 556 aliquid
954 512 993 541 et
1010 501 1144 546 melius
1162 516 1240 559 pro
1259 499 1424 556 depulso

259 572 372 612 luctu
406 572 441 611 ei
466 571 627 612 reddere
664 587 774 612 nunc
808 572 951 612 studet.
1005 571 1145 612 Filium
1172 573 1287 612 matri
1314 572 1426 627 quasi

264 643 409 684 reddit.
463 644 605 684 Mortui
625 645 786 684 virtutes
808 644 850 683 in
868 641 1000 683 matris
1023 646 1243 684 memoriam
1256 654 1425 684 revocat.

262 713 336 754 Eas
358 729 437 755 non
470 715 629 770 periisse
655 714 724 754 sed
757 715 814 754 in1
833 713 1042 755 feliciorem
1068 726 1210 756 statum
1234 715 1426 755 transiisse

265 786 390 828 docet.
444 781 745 842 Filium'inquit
772 801 853 827 non
879 787 1050 827 amisisti.

314 859 502 898 Pessima
535 860 621 911 ejus
658 866 696 898 et
724 861 807 912 ὄρει·
839 860 1124 899 molestissima
1154 859 1247 897 ictio
1261 860 1425 911 jacent,

263 943 357 967 oua
392 931 626 982 cineresque.
688 929 849 982 Integer
879 930 969 973 ille,
1005 929 1185 981 nihilque
1224 930 1270 966 in
1311 932 1428 968 tem}

262 1001 511 1053 relinquens,
527 1000 646 1054 fuqit
661 1008 697 1039 et
713 1008 816 1039 totus
833 1002 1003 1039 oxeeeeit
1024 998 1118 1054 Cap.
1137 999 1252 1039 XXV.
1305 998 1354 1039 N
1351 1014 1430 1040 unc

261 1072 367 1109 nihil
382 1072 498 1109 laeabet
511 1085 587 1123 quo
604 1078 807 1109 avocetur:
824 1084 1044 1123 numquam
1061 1071 1135 1108 tihi
1150 1072 1414 1110 sollicitudini
1419 1101 1429 1122 ,

219 1185 222 1188 ⁴
260 1156 478 1196 numquam
496 1143 668 1182 moerori
683 1143 767 1181 erit.
798 1141 916 1193 Quod
929 1155 1052 1181 unum
1069 1155 1117 1180 ex
1134 1141 1330 1181 tam'bono
1341 1129 1428 1196 filio

254 1220 417 1265 poteras
436 1214 580 1259 dolere,
607 1214 795 1252 doluisti.-
822 1221 948 1251 cetera
965 1221 1111 1251 exemia
1131 1214 1292 1251 casibus
1306 1215 1427 1265 plena

262 1284 478 1336 voluptatis
499 1291 615 1329 eunt,
643 1285 683 1322 ei
700 1283 811 1322 modo
831 1284 893 1321 uti
905 1283 989 1335 filio
1013 1284 1116 1330 scie,
1144 1285 1184 1322 ei
1199 1283 1314 1322 modo
1332 1284 1431 1337 quid

262 1356 308 1392 in
331 1355 403 1393 illo
416 1356 748 1406 pretiosissimum
763 1355 900 1406 fuerit
915 1355 1116 1407 intelligis.
1169 1354 1307 1407 Imaqo
1324 1356 1430 1394 dum-

260 1433 375 1465 mat
368 1425 460 1479 filii
462 1427 590 1480 periit
597 1442 611 1464 .·
625 1427 710 1479 ipse
720 1433 904 1465 automno
914 1432 953 1464 et
960 1424 1066 1472 felix
1077 1433 1138 1464 eet
1150 1423 1262 1481 (Cap.
1272 1424 1426 1481 XXIV).

311 1497 460 1536 Deinde
500 1499 541 1536 in
577 1496 679 1536 illius
707 1497 842 1551 plenae
870 1496 1062 1536 felicitatis
1089 1498 1423 1551 praedicationem

259 1569 513 1624 exspatiatur,
543 1578 583 1608 et
608 1567 788 1617 inducit,
815 1582 902 1622 cap.
931 1566 1091 1618 ultimo,
1111 1567 1286 1607 Cordum
1302 1568 1425 1608 filiam

262 1639 523 1680 consolantem
565 1640 773 1693 omniaque
787 1668 799 1689 ‚
831 1653 930 1692 quae
955 1649 1086 1678 noster
1111 1638 1284 1689 dixerat,
1316 1642 1428 1694 quasi

260 1721 518 1767 perorantem.
573 1709 626 1750 Ut
655 1708 767 1751 facile
793 1708 992 1750 intellectu
1007 1720 1064 1749 est
1078 1723 1198 1766 quam
1214 1710 1347 1751 efficax
1363 1709 1430 1751 do-

260 1782 353 1821 loris
390 1782 563 1826 levamen
602 1781 710 1834 apud
747 1781 930 1820 Marciam
970 1782 1040 1820 filii
1067 1783 1177 1835 quasi
1209 1783 1251 1820 in
1284 1793 1424 1833 terras,

260 1851 396 1893 saltem
428 1851 472 1891 in
501 1852 633 1892 matris
660 1851 834 1891 animum
861 1851 980 1892 fuerit
1005 1851 1230 1904 devocatio;
1259 1853 1313 1893 ita
1348 1854 1427 1893 evi-

259 1923 355 1963 dens
393 1924 443 1964 sit
472 1938 628 1964 necesse
657 1935 715 1964 est
750 1923 845 1963 haec
877 1938 957 1963 non
988 1924 1031 1962 in
1057 1924 1219 1963 Marciae
1249 1926 1424 1965 animum

261 1995 414 2036 restitui
440 2009 516 2050 pro
544 1994 655 2037 luctu
682 1996 875 2050 potuisse,
910 1995 985 2035 nisi
1010 1995 1209 2037 subducto
1231 1997 1341 2052 prius
1367 2012 1424 2038 ra-

261 2067 432 2107 tionibus
462 2076 500 2106 et
525 2065 709 2120 exemplis
735 2066 809 2105 isto
823 2065 949 2106 luctu.
991 2066 1148 2107 Idcirco
1162 2067 1423 2107 laudationem

263 2138 496 2180 conditionis
521 2148 767 2178 mortuorum
792 2139 883 2191 jure
911 2154 933 2178 a
960 2139 1086 2194 capite
1112 2139 1180 2179 XX
1205 2138 1424 2181 distraxisse

262 2221 439 2250 nostrum
461 2219 572 2264 puto.
626 2209 771 2249 Unicus
801 2210 869 2250 hic
897 2209 1068 2265 denique
1097 2210 1205 2250 locus
1232 2222 1313 2251 erat
1340 2227 1422 2267 quo

263 2281 426 2322 Marciae
462 2292 615 2336 patrem
654 2293 877 2333 mortuum,
908 2292 947 2322 et
977 2297 1068 2322 cum
1096 2294 1239 2338 nepote
1262 2284 1304 2323 in
1328 2282 1422 2324 locis

262 2350 335 2393 illis
362 2354 481 2394 beatis
511 2363 748 2404 versantem,
773 2352 1121 2410 adhortantemque
1137 2354 1323 2396 inducere
1338 2370 1423 2410 pos-

262 2434 340 2473 set,
381 2427 458 2466 sive
496 2426 816 2481 prosopopoeiam
853 2424 1038 2466 adhibere
1046 2444 1059 2478 3
1103 2442 1222 2482 quam
1258 2427 1419 2479 figuram

264 2510 389 2551 quum
422 2508 566 2538 veteres
595 2508 794 2552 tamquam
819 2496 1035 2551 plurimum
1063 2498 1248 2552 ponderis
1279 2499 1420 2538 haben-
