1848 3122
967 303 1050 345 106

387 441 449 479 illi
471 439 721 497 expedierit?
737 451 790 477 an
808 440 868 477 illi
885 440 961 477 hac
976 446 1106 477 morte
1121 433 1350 480 consultum
1366 442 1451 492 sit?
1478 443 1607 492 Quem

387 515 563 563 invenire
584 513 702 561 hodie
726 520 864 574 potes,
894 513 1007 560 cuius
1030 527 1094 561 res
1116 521 1200 560 tam
1217 514 1322 560 bene
1342 517 1494 576 positae
1514 524 1609 564 sunt

310 620 325 627 κ
386 600 429 634 01
452 591 662 644 fundatae,
691 597 739 631 ut
758 590 860 632 nihil
881 591 961 644 illi,
992 591 1223 646 procedenti
1242 597 1445 645 tempore,
1468 594 1609 648 timen-

385 666 485 712 dum
510 664 592 712 sit‘?
651 664 862 711 Labuntur
883 665 1078 722 humana,
1107 680 1154 710 ac
1179 663 1336 710 fluunt:
1364 680 1496 724 neque
1517 684 1609 726 pars

386 745 491 786 vitae
516 751 674 786 nostrae
697 751 781 784 tam
808 743 975 786 obnoxia
1000 750 1071 784 aut
1093 749 1229 784 tenera
1254 750 1336 796 est,
1365 757 1489 798 quam
1507 757 1611 798 quae

383 822 557 865 maxime
579 820 725 878 placet.
788 819 829 862 2.
859 819 1034 877 Ideoque
1059 818 1292 862 felicissimis
1313 818 1487 877 optanda
1504 834 1612 863 mors

384 904 447 939 est
460 927 473 951 ,
532 896 598 939 uia
623 897 665 938 in
686 904 798 938 tanta
824 896 1088 938 inconstantia
1113 896 1312 953 turbaque
1333 910 1486 951 rerum,
1511 896 1613 938 nihil

385 973 462 1015 nisi
493 973 605 1028 quod
637 973 867 1029 praeteriit,
896 979 1053 1014 certum
1082 964 1156 1015 est.
1215 973 1313 1025 Quis
1341 973 1415 1015 tibi
1435 974 1612 1029 recepit,

385 1048 489 1090 illud
514 1048 829 1104 pulcherrimum
858 1047 933 1089 filii
956 1048 1017 1090 tui
1040 1062 1208 1104 corpus,
1238 1055 1279 1090 et
1299 1062 1454 1090 summa
1477 1047 1612 1104 pudo—

384 1123 437 1164 ris
461 1122 642 1165 custodia
662 1123 765 1164 inter
785 1122 1010 1163 luxuriosae
1032 1122 1143 1163 urbis
1161 1122 1295 1163 oculos
1314 1130 1611 1176 conservatum,

383 1199 560 1256 potuisse
583 1198 639 1240 ita
657 1197 817 1240 morbos
838 1197 1006 1239 evadere
1017 1229 1030 1252 ‚
1060 1205 1108 1240 ut
1127 1196 1178 1239 ad
1196 1205 1443 1241 senectutem
1461 1197 1612 1241 formae

383 1275 566 1318 illaesum
593 1273 786 1333 perferret
813 1272 968 1316 decus?

438 1453 527 1489 Tam
539 1453 693 1489 obnoxia
705 1459 769 1489 aut
779 1460 895 1489 tenera
910 1460 978 1499 est,
1017 1452 1174 1500 intelligi
1195 1454 1271 1500 ipsa
1280 1455 1467 1503 juventus.
1508 1455 1611 1493 Cous.

383 1528 491 1564 quam
529 1528 619 1563 quae
660 1516 814 1551 maxime
846 1515 977 1563 placet.
1017 1515 1135 1552 Horat.
1165 1515 1243 1552 Lib.
1264 1515 1314 1551 11.
1333 1515 1449 1553 earm.
1470 1516 1512 1552 X.
1532 1528 1568 1553 v.
1589 1516 1613 1553 9

384 1578 441 1613 Sic
460 1577 674 1624 explicanda
691 1577 782 1613 haec
797 1582 907 1623 puto:
927 1576 978 1612 fe·
1017 1590 1096 1623 sqq.
1155 1577 1199 1612 Et
1237 1578 1407 1613 Boethius
1436 1578 1484 1614 de
1515 1591 1613 1615 cons.

382 1638 554 1673 licissima
590 1649 667 1672 non
700 1638 772 1671 nisi
806 1637 847 1670 in
876 1637 982 1681 pejus
1018 1636 1114 1671 Phil.
1139 1636 1218 1671 Lib.
1242 1636 1291 1671 11.
1315 1648 1419 1682 prosa
1441 1637 1503 1673 IV.

383 1698 520 1733 mutari
550 1702 715 1744 possunt,
745 1696 829 1732 ideo
851 1696 981 1731 felicis·
1072 1697 1175 1733 Urbis
1194 1697 1325 1732 oculos.
1351 1697 1408 1732 Sic
1423 1697 1516 1734 Plin.
1532 1699 1612 1736 Sec.

383 1760 466 1795 simi
493 1759 651 1793 maxime
671 1758 768 1793 vitae
788 1757 893 1792 malis
912 1756 979 1792 ob·
1017 1757 1080 1804 Ep.
1111 1757 1205 1793 XIX.
1237 1756 1316 1792 Lib.
1348 1756 1427 1793 VII.
1471 1758 1613 1795 »Doleo

381 1820 484 1857 noxii
502 1824 597 1856 sunt.
640 1819 686 1856 In
706 1818 807 1854 hunc
827 1817 979 1854 modum
1016 1819 1131 1864 enim,
1147 1818 1340 1855 maximam
1347 1819 1530 1868 feminam
1543 1822 1612 1857 eri-

381 1895 488 1931 saepe
503 1882 644 1918 disserit
660 1881 811 1916 Seneca:
827 1880 879 1916 De
895 1880 977 1915 Bre-
1009 1882 1056 1929 pi
1080 1881 1195 1916 oculis
1219 1881 1416 1917 civitatis?

382 1946 450 1983 vit.
472 1944 574 1980 Vitae
587 1943 697 1979 XVII.
712 1942 738 1992 §
759 1943 793 1978 1.
817 1943 979 1978 Maxima
1064 1941 1204 1978 Morbos
1229 1941 1385 1977 evadere.
1434 1941 1537 1978 »Non
1560 1942 1612 1980 ita

382 2019 540 2055 quaeque
570 2007 667 2049 hona·
692 2005 848 2040 sollicita
874 2010 978 2049 sunt,
1017 2003 1184 2039 »morbos
1224 2003 1397 2049 potuisset
1435 2002 1608 2051 evadere,

382 2082 449 2104 nec
468 2069 536 2104 ulli
545 2070 718 2116 fortunae
738 2067 857 2102 minus
874 2066 977 2111 bene,
1017 2077 1108 2101 »nec
1143 2064 1184 2100 id
1219 2064 1260 2100 in
1291 2065 1370 2112 ejus
1407 2077 1520 2101 manu
1552 2065 1613 2101 vel

383 2141 491 2177 quam
509 2130 636 2175 optime
659 2128 851 2171 creditur?
864 2131 901 2162 et
915 2126 940 2174 §
953 2127 978 2162 2
1016 2126 1204 2163 „cautela”
1227 2126 1278 2161 ait
1298 2126 1448 2172 Lipsius.
1485 2125 1556 2161 Sed
1570 2127 1612 2161 ni

382 2190 450 2238 Ep.
471 2189 559 2226 xc1.
582 2187 608 2237 §
625 2188 660 2224 4.
688 2187 783 2236 Quid
797 2187 892 2223 enim
909 2193 976 2233 est,
1016 2187 1123 2224 fallor
1149 2186 1196 2222 do
1221 2186 1265 2222 iis
1294 2187 1429 2224 morbis
1448 2186 1611 2233 loquitur

383 2251 479 2299 quod
508 2263 579 2285 non
603 2251 755 2296 fortuna
787 2260 896 2295 quum
922 2260 977 2282 vo·
1017 2250 1168 2293 Seneca,
1193 2260 1283 2296 quos
1306 2248 1467 2294 effugere
1485 2259 1610 2294 possu-

383 2313 475 2358 luit,
513 2324 556 2347 ex
579 2312 834 2361 florentissimo
862 2310 978 2346 deera-
1017 2323 1116 2357 mus,
1140 2323 1256 2359 quum
1276 2309 1431 2347 libidine
1447 2314 1483 2346 et
1503 2310 1607 2348 luxu·

382 2375 462 2419 luat,
495 2373 589 2421 quod
617 2384 689 2408 non
717 2385 756 2408 eo
778 2373 893 2419 magis
913 2384 978 2418 aq-
1015 2373 1071 2408 rie
1091 2377 1337 2416 arcescantur5
1364 2382 1472 2417 quos,
1496 2376 1539 2407 ut
1559 2373 1610 2408 ait

380 2435 583 2485 gradiatur,
602 2439 636 2469 et
651 2434 807 2481 quatiat,
823 2445 892 2481 quo
905 2445 977 2481 epe-
1015 2438 1135 2471 noster
1167 2433 1214 2468 de
1243 2430 1379 2467 Brevit.
1412 2432 1506 2470 vitae
1536 2431 1606 2470 111.

384 2499 517 2534 ciosim
536 2496 673 2545 fulget.
722 2495 839 2532 Potest
869 2495 977 2532 etiam
1016 2496 1041 2544 ς
1065 2496 1108 2542 3,
1133 2506 1241 2532 manu
1255 2493 1431 2541 facimus.
