1848 3122
763 301 842 343 107

255 437 379 472 XXII.
409 436 547 484 Cogita
564 436 685 471 animi
705 437 815 473 mille
833 437 958 473 labes.
1016 436 1155 485 Neque
1176 433 1286 472 enim
1305 444 1411 474 recta

198 507 377 567 ingenia,
416 505 575 567 qualem
614 505 658 548 in
695 504 955 551 adolescentia
978 519 1092 566 spem
1122 503 1185 548 sui
1214 501 1413 560 fecerant,

200 598 329 640 usque
352 587 394 625 in
426 593 673 627 senectutem
698 588 970 641 pertulerunt:
998 588 1069 627 sed
1093 588 1307 626 interversa
1326 585 1417 639 ple-

199 674 371 719 rumque
401 666 509 706 sunt.
569 659 651 706 Aut
687 674 774 706 sera
798 673 926 720 eoque
951 659 1100 705 foedior
1124 659 1280 704 luxuria
1304 659 1418 703 inva-

198 738 274 791 sit,
310 744 352 778 et
383 738 514 792 coegit
539 737 796 780 dehonestare
829 739 1002 793 speciosa
1029 739 1242 793 principia,
1278 745 1349 779 aut
1374 738 1418 778 in

198 814 388 870 popinam
408 820 667 871 ventremque
689 813 922 872 praecoquis
944 827 1103 859 summa
1125 812 1203 856 illis
1229 825 1418 857 curarum

199 889 299 941 fuit,
338 889 440 944 quid
473 897 626 942 essent,
665 889 765 945 quid
791 889 988 931 biberent.
1048 888 1186 929 Adiioe
1211 888 1419 940 incendia,

198 964 352 1016 ruinas,
381 963 607 1019 naufragia,
637 964 889 1006 lacerationes
924 963 1170 1004 medicorum
1202 976 1288 1004 ossa
1322 962 1421 1003 vivis

198 1038 439 1094 legentium,
478 1046 520 1081 et
547 1045 650 1081 totas
677 1040 720 1081 in
744 1040 893 1081 viscera
927 1052 1069 1080 manus
1099 1037 1421 1091 demittentium,

200 1121 242 1155 et
267 1128 348 1155 non
378 1114 549 1169 simplici
582 1114 718 1155 dolore
743 1114 932 1171 pudenda
956 1114 1192 1155 curantium.
1254 1112 1295 1153 2.
1325 1113 1422 1154 Post

201 1189 299 1232 haec
322 1189 522 1233 exsilium:
550 1204 632 1233 non
654 1189 731 1233 fuit
755 1190 998 1233 innocentior
1021 1189 1129 1232 filius
1152 1196 1269 1243 tuus,
1297 1202 1423 1245 quam

200 1265 387 1308 Rutilius.
447 1266 675 1308 carcerem
711 1281 793 1308 non
827 1266 903 1309 fuit
932 1267 1170 1323 sapientior,
1199 1279 1323 1322 quam
1348 1265 1421 1306 So-

200 1348 340 1384 crates.
399 1341 629 1385 Voluntario
666 1342 831 1385 vulnere
869 1337 1104 1385 transfixum
1143 1349 1304 1399 pectus:
1340 1354 1423 1383 non

198 1415 276 1459 suit
316 1418 487 1460 sanctior
521 1417 642 1475 quam'
684 1419 795 1461 Cato.
868 1419 1003 1472 Quum
1038 1419 1113 1461 ista
1150 1418 1420 1475 perspexeris,

199 1492 298 1534 scies
336 1493 487 1549 optime
523 1508 617 1536 cum
643 1494 704 1537 his
732 1495 816 1550 agi,
855 1509 957 1552 quos
993 1502 1157 1548 natura,
1199 1495 1295 1551 quia
1330 1493 1421 1536 illos

201 1567 280 1610 hoc
301 1569 488 1610 manebat
511 1570 615 1611 vitae
637 1571 905 1624 stipendium,
935 1571 1014 1613 cito
1033 1571 1076 1612 in
1099 1578 1236 1613 tutum
1257 1569 1421 1625 recepit.

199 1641 307 1684 Nihil
339 1650 401 1684 est
428 1650 510 1684 tam
541 1642 683 1696 fallax,
720 1657 842 1700 quam
867 1644 948 1685 vita
983 1644 1179 1685 humana:
1215 1643 1315 1684 nihil
1342 1650 1425 1684 tam

198 1717 443 1759 insidiosum.
504 1718 593 1765 Non
615 1718 840 1760 mehercule
861 1720 1073 1775 quisquam
1094 1720 1330 1775 accepisset,
1349 1719 1426 1761 nisi

201 1791 365 1833 daretur
393 1792 538 1834 insciis.
581 1788 720 1849 Itaque
738 1794 772 1835 si
797 1792 1065 1836 felicissimum
1087 1800 1169 1846 est,
1198 1807 1280 1834 non
1294 1793 1424 1851 nascig

199 1868 430 1925 proximum
465 1876 589 1924 puta,
629 1869 821 1911 brevitate
857 1871 961 1911 vitae
994 1868 1228 1923 defunctos,
1266 1869 1346 1911 cito
1380 1869 1424 1910 in

200 1945 400 2000 integrum
433 1946 601 1988 restitui.
672 1946 852 2007 Propone
886 1945 988 1989 illud
1020 1945 1317 1988 acerbissimum
1350 1944 1426 1986 tibi

201 2027 363 2077 tempus
377 2051 389 2074 ,
417 2035 500 2077 quo
533 2021 695 2063 Seianus
721 2030 877 2078 patrem
901 2029 1019 2064 tuum
1042 2021 1176 2063 clienti
1199 2035 1272 2063 suo
1297 2022 1427 2063 Satrio

200 2096 384 2139 Secundo
410 2097 656 2153 congiarium
687 2098 813 2140 dedit.
872 2098 1119 2141 Irascebatur
1143 2097 1203 2140 illi
1225 2097 1280 2140 ob
1298 2111 1426 2141 unum

255 2245 423 2280 Sanctior
437 2257 542 2292 quam
564 2245 650 2280 Cato
666 2243 797 2280 ,eadem
836 2244 875 2279 in
908 2244 987 2279 diss.
1019 2255 1101 2290 pag.
1134 2243 1182 2279 34
1213 2255 1295 2291 pars
1319 2244 1360 2290 2,
1387 2244 1427 2279 in

202 2303 461 2351 significatione
490 2305 578 2341 alibi
610 2305 671 2340 hio
699 2317 799 2342 sacer
836 2305 909 2342 fine
944 2305 1052 2353 hujus
1083 2304 1129 2341 de
1166 2304 1310 2343 Provid.
1344 2307 1425 2352 cap.

204 2372 355 2403 vocatur
385 2369 432 2404 de
461 2368 602 2403 Provid.
632 2367 681 2403 11.
711 2367 737 2415 §
758 2367 794 2403 8.
837 2368 932 2403 More
957 2369 1037 2403 illos
1055 2376 1258 2413 consecrat,
1281 2379 1427 2415 quorum

205 2426 278 2463 Cur
297 2439 397 2464 sacer
417 2434 565 2465 vocetur
584 2428 660 2475 ipse
679 2427 796 2463 decla·
836 2429 972 2465 exitum
1002 2435 1035 2464 et
1066 2430 1132 2476 qui
1166 2431 1310 2472 timent,
1344 2428 1426 2465 law-

205 2494 261 2525 rat
292 2489 446 2535 Seneca,
481 2495 649 2528 monente
682 2489 796 2527 Nauta
836 2490 931 2527 dam.
