1848 3122
961 322 1013 359 22

412 449 559 489 finibus
597 446 774 488 includat
791 436 797 444 ⁸
812 446 1115 500 disputationem
1128 476 1141 497 ,
1174 456 1213 486 et
1249 447 1361 502 prius
1401 446 1577 487 ostendat

412 519 599 574 temporis
627 517 821 571 spatium,
853 530 935 572 quo
960 516 1148 571 scriptam
1171 530 1251 556 esse
1279 516 1579 557 consolationem

408 606 489 631 non
517 589 596 631 veri
623 587 747 628 simile
777 588 851 640 sit;
881 587 1023 629 deinde
1048 587 1247 642 reliquum
1274 589 1462 643 temporis
1489 603 1575 644 spa-

407 663 504 702 tium
517 691 529 712 ,
556 661 659 701 intra
681 659 793 715 quod
817 658 1084 701 virisimillime
1105 657 1253 712 scripta
1274 658 1326 697 sit
1347 659 1576 711 consolatio,

410 733 636 783 conjectura
663 732 884 771 accuratius
916 727 1080 769 definire
1108 739 1285 769 conetur.

458 803 570 842 Prior
597 817 687 857 pars
720 812 799 842 tam
831 811 1008 841 accurate
1037 811 1076 840 et
1103 815 1197 840 cum
1220 798 1375 852 judicio
1401 800 1575 855 scripta,

406 885 485 914 tam
514 873 758 929 antiquitatis
794 872 1021 912 auctoritate
1061 870 1159 911 fulta
1192 871 1292 910 mihi
1319 871 1397 912 visa
1424 881 1505 922 est,
1530 880 1577 911 ut

406 946 491 997 ejus
525 959 718 983 summam
750 944 834 984 huc
859 942 1102 983 referendam
1128 956 1317 983 censeam.
1370 942 1417 981 In
1444 957 1488 981 ea
1515 957 1578 981 au-

406 1027 487 1056 tem
511 1015 704 1055 ostendit:
735 1015 816 1054 veri
845 1029 925 1054 esse
949 1013 1192 1054 simillimum
1213 1012 1509 1053 consolationem
1525 1013 1575 1053 ad

405 1086 591 1126 Marciam
629 1100 762 1140 neque
791 1086 932 1125 Tiberii
957 1096 1102 1136 aetate,
1129 1099 1258 1139 neque
1281 1084 1361 1123 suh
1383 1084 1572 1136 Caligula,

401 1171 531 1212 neque
549 1156 666 1196 etiam
688 1166 775 1195 ante
803 1155 1165 1196 exsilium‘Senecae
1186 1156 1262 1194 sub
1291 1154 1454 1195 Claudio
1483 1156 1576 1196 scri-

400 1237 511 1281 ptam
538 1240 632 1265 esse.
687 1225 770 1265 Sub
794 1225 947 1264 Tiberio
961 1235 1089 1264 autem
1108 1239 1190 1264 non
1205 1224 1351 1278 scripta
1374 1235 1452 1274 estg
1481 1239 1574 1264 nam

400 1312 529 1352 quum
567 1296 807 1336 scriberetur
845 1294 1078 1346 consolatio,
1123 1295 1208 1347 jam
1240 1294 1365 1335 editae
1397 1306 1509 1336 erant
1549 1311 1571 1336 a

402 1368 546 1406 Marcia
567 1367 688 1421 patris
721 1367 766 1405 A.
798 1366 987 1405 Cremutii
1016 1364 1135 1404 Cordi
1160 1365 1341 1405 historiae
1355 1382 1368 1415 3
1399 1380 1482 1420 quo
1505 1380 1573 1406 no-

397 1439 506 1477 mine
530 1438 676 1487 magnis
702 1435 768 1475 illa
794 1435 975 1475 laudibus
1000 1435 1162 1475 effertur
1187 1451 1208 1474 a
1243 1436 1387 1476 Seneca
1414 1437 1457 1476 in
1484 1437 1569 1491 ipsa

397 1506 666 1547 Consolatione
700 1506 748 1559 (1.
779 1508 803 1559 §
832 1509 856 1546 3
886 1517 925 1546 et
953 1506 1006 1560 4).
1059 1506 1139 1545 Hae
1167 1516 1298 1545 autem
1324 1505 1449 1546 editae
1470 1517 1571 1561 ‘sunt

397 1579 510 1619 initio
539 1576 730 1628 Caligulae
757 1577 913 1631 imperii
941 1576 1064 1629 (Suet.
1089 1577 1133 1615 in
1154 1575 1272 1628 Calig.
1301 1576 1423 1630 XVI).

452 1649 556 1700 Ergo
596 1658 695 1688 tunc
732 1647 891 1686 demum
922 1646 1044 1687 scribi
1076 1646 1233 1701 potuit,
1259 1657 1471 1701 postquam
1499 1647 1567 1688 Ca-

394 1719 513 1770 ligula
539 1718 750 1772 imperium
777 1727 913 1757 nactus
937 1728 1010 1756 est.
1063 1716 1176 1767 Quod
1204 1717 1237 1755 si
1259 1731 1472 1771 ponamus,
1497 1732 1562 1758 se-

393 1792 557 1847 quitur:
595 1787 805 1840 Metilium,
843 1788 1006 1828 Marciae
1053 1786 1200 1838 filium,
1244 1798 1443 1845 mortuum
1484 1803 1566 1829 esse

394 1872 460 1901 aut
499 1862 575 1900 sub
621 1860 775 1899 Tiberio
818 1870 886 1899 aut
928 1860 1003 1898 sub
1051 1858 1232 1910 Caligula.
1285 1862 1338 1899 At
1376 1860 1452 1899 sub
1492 1860 1561 1900 Ti-

393 1933 504 1972 berio
540 1942 744 1972 mortuum
776 1944 856 1970 esse
888 1929 1080 1970 Metilium
1115 1944 1198 1970 non
1235 1929 1440 1971 verisimile
1475 1942 1557 1982 est3

394 2018 521 2058 quum
556 2017 637 2042 non
678 2012 767 2041 ante
797 2001 904 2041 diem
929 2015 1157 2056 supremum
1190 2001 1329 2041 obiisse
1354 2000 1558 2052 videatur,

397 2088 517 2129 quam
546 2075 606 2114 avi
631 2074 781 2127 scripta
807 2073 911 2112 edita
937 2079 1059 2113 sunt.¹
1096 2072 1193 2112 Nam
1216 2073 1273 2113 sic
1292 2072 1473 2128 loquitur
1498 2073 1561 2113 Se-

393 2160 490 2185 neca
528 2156 572 2185 ut
609 2143 721 2184 facile
758 2143 1012 2196 intelligamus
1045 2144 1228 2184 Marciam
1242 2172 1256 2194 ,
1283 2160 1409 2199 quum
1436 2145 1558 2199 patris

391 2216 537 2270 scripta
562 2215 715 2266 ederet,
743 2213 924 2254 nondum
952 2213 1064 2254 alteri
1088 2214 1145 2253 illi
1166 2215 1383 2255 infortunio
1407 2230 1556 2255 succu-

390 2287 547 2338 buisse,
583 2286 652 2325 sed
690 2296 809 2326 totam
844 2285 962 2325 fuisse
991 2286 1034 2325 in
1062 2285 1297 2334 vindicanda
1321 2285 1441 2327 Cordi
1467 2301 1554 2327 me-

389 2358 526 2397 moria.
581 2356 750 2408 Verum,
780 2355 861 2396 filio
888 2355 1100 2409 defuncto‚'
1119 2358 1310 2398 rationem
1334 2356 1555 2399 studiorum

389 2428 563 2468 habebat
588 2428 761 2479 nullam,
792 2429 943 2483 quippe
965 2444 1065 2484 quae
1084 2441 1238 2484 praeter
1258 2427 1434 2468 dolorem
1452 2430 1552 2470 nihil

389 2501 430 2539 in
456 2501 587 2542 animo
612 2499 788 2542 haberet.
842 2500 1005 2556 Propter
1027 2501 1130 2543 hanc
1149 2501 1276 2556 ipsam
1297 2499 1438 2542 doloris
1461 2517 1551 2558 per·
