1848 3122
846 296 891 335 19

331 422 485 474 Quippe
500 433 641 459 rumor
656 422 893 473 invenerat,
906 433 1058 475 paucos
1074 429 1165 461 ante
1183 434 1338 460 maneos
1357 421 1440 460 Au-

270 498 453 547 matium,
482 492 614 530 electis
634 493 806 531 eomoiie
821 499 861 530 et
877 493 1013 531 comite
1028 505 1123 543 uno,
1149 491 1279 531 Fabio
1305 491 1439 530 Maxi-

270 576 356 614 mo,
384 561 630 603 Planasiam
659 569 812 620 vectuqn
845 563 901 603 ad
930 563 1138 603 visendum
1177 562 1408 618 Agrippam
1421 579 1436 601 ,-

267 634 419 673 multae
453 634 540 673 illic
565 636 751 687 utrinque
780 634 986 686 lacrymae
1013 642 1051 673 et
1075 636 1191 688 siqua
1220 637 1434 678 caritatis,-

266 717 450 757 spemque
473 718 523 743 en
545 717 607 750 eo,
624 704 723 754 foro
750 711 798 744 ut
810 705 981 757 junonie
989 705 1203 758 penatibus
1220 707 1289 745 avi
1302 706 1433 745 reddo·

263 782 385 814 retur.
434 774 554 826 Quod
566 773 795 813 Maximum
811 777 933 813 uxori
944 775 1127 814 Marciae
1143 777 1369 827 aperuisse,
1386 778 1436 814 n‘l-

264 845 349 885 lam
377 844 538 884 Liviae:
564 858 739 898 quarum
773 845 820 885 id
847 845 1038 894 Caesari,-
1064 859 1188 899 neque
1204 846 1329 885 multo
1339 854 1438 900 poet

261 915 454 953 exstincto
469 912 647 954 Maximo
658 944 669 966 ,
696 914 881 968 (dubium
898 929 954 954 an
973 917 1156 968 quaesita
1171 916 1312 968 morte)
1324 945 1335 967 ,
1365 931 1433 956 aw-

261 985 367 1024 ditae
392 985 437 1024 in
452 984 606 1035 funere
630 987 719 1037 que
748 985 933 1025 Marciae
958 987 1153 1039 mimicus,
1175 994 1299 1026 semet
1323 988 1435 1026 inmo-

261 1056 417 1103 eantt‘e,
443 1055 555 1109 quod
578 1069 705 1096 cauea
731 1057 847 1096 exitii
871 1055 1023 1102 marito,
1035 1056 1206 1108 suisset.

311 1126 465 1179 Ingrata
489 1127 609 1178 igitur
631 1125 848 1166 recordatio
872 1126 1001 1166 mariti
1023 1126 1188 1166 Marciae
1210 1127 1348 1167 fuisset
1362 1142 1427 1167 ne·

259 1211 362 1238 cesse
381 1208 476 1238 erat.
531 1196 714 1238 Videmus
734 1208 774 1237 et
798 1197 904 1238 hane
921 1197 1105 1237 Marciam
1121 1197 1248 1238 Liviae
1262 1199 1427 1237 amicam

256 1269 387 1309 fuisse.
441 1268 575 1323 Neque
601 1279 756 1323 tempus
782 1268 932 1319 obstat3
963 1282 1057 1308 nam
1082 1268 1180 1307 haec
1204 1282 1266 1307 res
1282 1267 1427 1308 accidit

256 1354 360 1380 anno
387 1339 430 1380 P.
449 1338 494 1380 C.
522 1338 604 1379 XV.
651 1339 796 1380 Seneca
822 1352 874 1386 ex-
894 1337 1027 1379 exsilio
1052 1339 1170 1379 rediit
1197 1352 1301 1379 anno
1317 1339 1360 1378 P.
1379 1339 1423 1379 G.

255 1410 310 1457 L,
340 1408 459 1449 Paulo
482 1419 573 1464 post
602 1408 906 1449 consolationem
931 1409 1132 1463 scripsisse
1158 1408 1311 1449 videtur
1325 1409 1423 1461 (vid.

253 1481 437 1536 temporis
466 1478 681 1534 definitio)=
702 1490 741 1521 et
767 1478 933 1520 Metilius
955 1479 1013 1520 sic
1037 1493 1142 1520 anno
1157 1480 1201 1519 P.
1220 1479 1264 1519 G.
1278 1479 1422 1520 XLVII

251 1552 433 1600 obiisset,
458 1565 579 1591 annos
604 1562 719 1591 natus
745 1550 848 1591 forte
869 1550 1024 1590 XXXII.
1070 1550 1181 1590 Esset
1201 1551 1272 1599 sic,
1286 1549 1421 1590 eadem

250 1633 370 1678 atque
405 1621 470 1663 illa
506 1621 556 1662 de
589 1636 669 1677 qua
697 1621 775 1673 egit
798 1620 1009 1662 Massonius
1037 1621 1082 1661 in
1109 1621 1186 1662 vita
1214 1620 1342 1662 ovidii
1371 1622 1420 1661 ab

250 1709 353 1734 anno
379 1694 616 1744 761—7673
651 1693 766 1744 cujus
792 1707 885 1733 avus
912 1693 990 1733 fuit
1018 1692 1118 1733 forte
1139 1693 1281 1732 Fabius
1305 1693 1423 1734 Maxi-

249 1775 359 1816 mus,
389 1765 461 1819 qui
499 1761 637 1804 consul
664 1762 742 1804 fuit
775 1762 820 1803 A.
854 1763 902 1804 U.
935 1764 1026 1804 742.
1082 1763 1140 1803 De
1169 1765 1283 1816 cujus
1312 1765 1422 1804 exitu

249 1849 395 1890 quum,
425 1844 619 1889 quantum
644 1846 877 1885 cognoscere
901 1835 1032 1889 potui,
1060 1833 1162 1873 nihil
1190 1845 1332 1885 exstet3
1365 1850 1417 1874 ne

246 1904 347 1945 illud
373 1903 535 1960 quidem
561 1905 690 1945 obstat
718 1903 827 1959 quod
854 1914 1004 1944 nostrae
1034 1903 1198 1943 Marciae
1220 1919 1312 1946 avus
1325 1923 1336 1945 ι
1368 1908 1415 1945 in

180 2015 183 2018 .
246 1977 374 2017 aliem·
395 1977 647 2029 percussoris
674 1977 781 2014 venit
795 1975 1022 2014 arbitrium.
1040 1973 1163 2014 XXVI
1182 1978 1205 2028 §
1225 1978 1264 2016 3.
1319 1976 1418 2016 Con-

241 2049 437 2101 jecturam
465 2045 736 2101 Oudendorpii
764 2044 813 2086 de
833 2045 910 2086 hoc
926 2045 1089 2087 Marciae
1104 2061 1175 2087 avo
1186 2077 1198 2097 ,
1217 2047 1267 2086 ad
1284 2048 1416 2089 Sueto-

243 2120 395 2160 tonium
411 2133 499 2173 pag.
518 2119 598 2159 220
609 2147 621 2169 ‚
650 2132 771 2173 quam
786 2117 870 2172 ipse
885 2116 993 2157 haud
1010 2117 1256 2173 probabilem
1273 2130 1389 2174 putet
1399 2151 1412 2171 ,

243 2191 391 2231 omitto.
409 2188 486 2231 Sed
497 2189 668 2230 breviter
684 2188 734 2229 de
749 2199 859 2244 patre
877 2189 924 2229 A.
942 2189 1140 2230 crematio
1156 2189 1287 2230 Cordo
1301 2206 1413 2243 agen-

242 2262 354 2302 dum.
370 2260 552 2313 Egregius
568 2260 627 2300 vir
642 2274 811 2314 vereque
826 2260 1047 2312 Romanus3
1067 2261 1140 2316 qui
1155 2261 1188 2299 si
1203 2262 1303 2302 vitae
1319 2273 1411 2302 tem-

242 2346 319 2386 pus
335 2333 516 2388 respicias
533 2332 635 2371 inter
652 2330 828 2386 aequales
845 2331 987 2373 Tiberii
1001 2343 1059 2372 est
1073 2332 1297 2372 referendus
1310 2364 1321 2382 ‚
1348 2334 1410 2373 sin

244 2417 338 2443 vero
363 2406 537 2444 animum
564 2404 725 2453 fortem,
753 2402 944 2445 libertatis
973 2414 1012 2444 et
1039 2406 1187 2459 patriae
1202 2419 1331 2445 amore
1346 2406 1410 2444 fla-

243 2484 442 2526 grantem,
471 2475 573 2516 inter
601 2473 760 2515 Catones
784 2473 1066 2530 Scipionesque
1093 2475 1224 2517 locum
1247 2476 1409 2515 obtinet.

1210 2547 1234 2584 2
1252 2546 1272 2566 *
1303 2542 1312 2550 ⁸
