1848 3122
944 314 990 355 14

375 442 547 493 Seneca,
583 455 682 497 quae
710 441 742 480 si
773 442 858 497 ipsa
887 440 986 481 nihil
1017 453 1100 496 est,
1132 445 1261 485 omnia
1293 444 1343 485 ad
1374 445 1543 486 nihilum

377 515 550 567 redigat,
577 529 701 569 eoque
731 516 888 555 nomine
915 518 1080 556 maxime
1109 519 1160 556 sit
1186 517 1404 570 laudanda,
1432 519 1541 575 quod

375 587 432 626 sic
461 586 579 637 hujus
611 584 711 625 vitae
740 585 837 626 mala
870 587 1052 627 terminet
1086 586 1196 641 (Cap.
1224 587 1325 642 XX).
1378 591 1419 631 Si
1453 604 1543 631 vero

374 655 523 710 aliquid
545 666 603 695 est
630 670 758 707 mors,
787 659 933 696 bonum
957 661 1012 697 eit
1036 671 1191 697 necesse
1213 669 1293 708 est,
1319 670 1439 713 atque
1466 661 1544 702 hoc

371 726 624 783 probandum
645 718 826 768 restabat}
880 727 956 769 Sed
974 728 1076 769 hanc
1098 727 1371 784 disputationis
1390 741 1543 784 partem

372 800 414 839 in
440 800 565 855 capita
588 798 669 839 duo
694 798 829 839 ultima
854 797 1017 840 distulit.
1083 800 1221 856 Itaque
1243 801 1381 841 transit
1399 801 1442 840 in
1465 800 1543 841 fine

374 872 519 926 Capitis
535 871 604 911 XX
627 869 678 910 ad
694 869 850 910 alteram
870 870 993 923 hujus·
1005 873 1344 924 argumentationis
1361 884 1513 928 partem
1525 903 1537 923 ‚

372 957 452 998 qua
467 944 612 999 probet
627 942 791 982 Marciae
807 957 938 998 neque
953 942 1029 986 hoc
1045 945 1201 983 nomine
1213 944 1427 996 lugendum
1443 959 1539 995 esse,

372 1014 484 1069 quod
512 1014 613 1054 filius
641 1029 721 1055 non
749 1014 820 1054 diu
842 1015 997 1055 vixisset
1022 1015 1058 1070 (a
1076 1016 1154 1056 fine
1171 1016 1316 1072 Capitis
1333 1016 1400 1057 XX
1419 1031 1544 1073 usque

370 1085 420 1124 ad
450 1084 626 1124 medium
637 1086 777 1141 'Caput
802 1086 956 1138 XXIV).

422 1157 564 1212 Ibique
590 1156 776 1211 exemplis
813 1158 991 1212 Pompeji
1014 1156 1257 1212 aliorumque
1281 1156 1396 1198 docet
1421 1174 1542 1213 quam

370 1226 496 1266 felices
522 1227 709 1277 fuissent,
736 1229 770 1267 si
801 1227 875 1267 illis
906 1229 1005 1268 vitae
1028 1238 1128 1267 meta
1154 1243 1175 1267 a
1202 1230 1421 1268 carceribus
1445 1243 1538 1283 pro-

369 1299 457 1353 pior
485 1298 632 1349 fuisset.
695 1299 817 1339 Porro
850 1298 992 1339 docetz
1022 1298 1212 1338 humanae
1240 1299 1339 1340 vitae
1369 1301 1540 1355 spatium

368 1370 634 1421 longissimum
686 1385 777 1410 cum
825 1371 1044 1409 aeternitate
1092 1372 1360 1424 comparatum
1399 1372 1540 1424 puncti

366 1443 487 1483 instar
522 1457 601 1483 esse
631 1440 884 1500 habentium,
911 1440 1081 1497 ideoque
1106 1456 1254 1496 parum
1277 1443 1467 1482 intere-ue
1494 1442 1543 1482 id

367 1515 589 1566 extendere,
608 1516 724 1566 eujus
738 1521 1087 1567 quantumcunque
1100 1515 1226 1566 suerit
1237 1516 1538 1565 incrementum,

365 1601 445 1626 non
473 1587 648 1626 multum
676 1585 805 1625 aberit
832 1600 858 1624 a
885 1585 1040 1632 nilu‘lu
1066 1583 1192 1623 filium
1220 1583 1417 1639 denique,
1446 1599 1537 1625 cum

368 1667 564 1711 quantum
617 1657 746 1695 vivere
795 1655 994 1693 debuisset
1037 1654 1192 1694 vixisset
1205 1684 1216 1703 ,
1254 1656 1343 1693 satis
1386 1655 1537 1694 vixisse.

367 1728 548 1783 Denique
561 1725 658 1767 mala
669 1736 848 1767 recenset
859 1740 958 1782 quae
967 1723 1134 1777 longiori
1147 1725 1244 1766 vitae
1257 1739 1371 1781 saepe
1382 1739 1538 1766 omnem

365 1800 607 1854 voluptatem
634 1798 830 1837 auferunt.
887 1798 988 1847 Quae
1019 1798 1255 1835 enumeratio
1283 1797 1449 1836 Senecae
1475 1812 1538 1837 oc·

368 1872 557 1912 casionem
591 1870 751 1925 praebet
782 1869 970 1909 miserum
1004 1868 1168 1908 Marciae
1200 1868 1322 1923 patris
1349 1867 1535 1910 Cremutii

366 1941 486 1982 Cordi
510 1942 657 1981 exitum
680 1939 1020 1982 commemorandi.

420 2013 554 2068 Capite
577 2013 706 2053 XXIII
729 2025 917 2054 maturam
944 2013 1041 2053 boni
1068 2011 1139 2052 filii
1168 2022 1335 2052 mortem
1360 2010 1423 2051 vel
1448 2010 1536 2051 ideo

366 2084 517 2123 beatam
549 2083 771 2138 praedicat,
811 2082 920 2138 quod
956 2085 1103 2122 am‘mc'ae
1144 2084 1220 2122 cito
1263 2082 1315 2122 ab
1357 2082 1535 2121 humana

367 2157 658 2195 conversatione
690 2155 872 2194 dimit-nie
898 2155 1064 2208 fae-iliae
1090 2154 1148 2193 ad
1174 2167 1336 2207 superos
1364 2154 1441 2192 iter
1466 2154 1532 2193 eit.

366 2226 464 2264 Tum
493 2240 585 2266 vero
614 2236 780 2265 mortem
799 2224 951 2279 aliquid
966 2255 977 2275 ‚
1006 2235 1046 2264 et
1069 2225 1217 2263 bonum
1245 2223 1407 2279 quidem
1431 2237 1531 2271 esse,

365 2296 618 2339 statuendum
649 2308 760 2338 esset.
823 2297 872 2336 Et
903 2297 958 2337 sic
993 2296 1176 2338 Senecam
1209 2305 1349 2350 sponte
1377 2292 1535 2334 rediisse

363 2369 541 2411 videmus
566 2369 615 2409 ad
639 2369 903 2425 quaestionem
929 2367 976 2407 de
996 2380 1142 2420 morte,
1171 2382 1292 2423 quam
1314 2366 1448 2421 Capite
1465 2365 1532 2405 XX

363 2443 588 2498 reliquerat.
644 2443 766 2492 Quam
800 2456 871 2481 cur
898 2441 940 2479 in
967 2441 1088 2481 finem
1117 2438 1386 2482 consolationis
1413 2437 1532 2479 distu-

364 2512 451 2554 lerit
477 2515 611 2570 paucis
642 2512 854 2553 dicendum
881 2523 991 2568 puto,
1047 2513 1136 2553 Jam
1161 2509 1348 2565 exemplis
1378 2511 1532 2552 rationi-
