1848 3122
811 319 867 360 39

229 450 294 494 vel
315 448 453 492 invita.
514 448 664 492 Teneas
684 447 776 492 licet
795 457 836 493 et
855 449 1088 509 amplexeris
1107 450 1285 494 dolorem
1306 457 1420 493 tuum
1431 484 1442 505 ,

226 540 348 584 quem
380 525 455 568 tibi
486 526 529 567 in
549 525 622 568 filii
642 525 776 569 locum
800 529 1052 584 superstitem
1076 528 1214 571 fecisti.
1274 526 1316 570 6.
1347 527 1444 581 Quis

226 604 332 647 enim
357 604 432 646 erit
458 603 583 647 finis?
612 604 754 647 Omnia
778 604 821 646 in
843 619 1128 660 supervacuum
1154 613 1305 649 tentata
1331 613 1439 648 sunt.

225 680 421 737 Fatigatae
449 680 703 723 allocutiones
735 681 975 734 amicorum3
1004 683 1250 725 auctoritates
1275 695 1440 738 magno-

224 771 316 801 rum
354 765 396 800 et
430 757 610 800 affinium
641 757 717 800 tibi
748 759 946 811 virorumt,
976 759 1129 814 studia,
1158 759 1440 801 hereditarium

224 841 266 877 et
303 841 516 891 paternum
550 833 720 888 bonum,
757 835 895 878 surdas
928 849 1065 890 aures,
1093 836 1203 877 irrito
1228 849 1275 877 ac
1298 836 1363 877 vix
1385 834 1438 877 ad

223 910 385 952 brevem
420 910 719 965 occupationem
751 909 984 965 proficiente
1020 911 1182 962 solatio,
1218 917 1435 951 transeunt.

223 984 331 1028 Illud
356 985 488 1041 ipsum
512 985 691 1027 naturale
713 984 934 1026 remedium
955 985 1166 1041 temporis,
1189 984 1299 1041 quod
1317 985 1441 1025 maxi-

222 1075 306 1104 mas
329 1074 535 1104 aerumnas
558 1075 719 1119 quoque
745 1061 970 1118 componit,
995 1061 1036 1103 in
1062 1068 1103 1103 te
1126 1076 1205 1104 una
1225 1063 1307 1104 vim
1326 1076 1438 1105 suam

221 1137 408 1195 perdidit.
470 1135 509 1180 7.
542 1138 697 1180 Tertius
723 1138 802 1179 iam
823 1138 1024 1193 praeteriit
1046 1151 1192 1192 annus,
1220 1152 1347 1194 quum
1375 1139 1438 1179 in-

223 1214 340 1257 terim
367 1213 468 1255 nihil
490 1227 539 1256 ex
565 1214 693 1271 primo
718 1213 787 1256 illo
813 1214 968 1270 impetu
990 1198 1169 1256 cecidit:⁸
1182 1222 1343 1256 renovat
1369 1227 1438 1268 se,

220 1298 263 1332 et
303 1290 529 1331 corroborat
561 1288 738 1345 quotidie
771 1288 933 1349 luctus,
961 1296 1004 1330 et
1029 1289 1107 1330 iam
1134 1288 1209 1330 sibi
1237 1290 1299 1331 ius
1326 1290 1437 1330 mora

220 1363 336 1418 fecit,
366 1378 492 1421 eoque
519 1364 715 1407 adductus
742 1371 827 1417 est,
856 1371 903 1406 ut
924 1351 1045 1420 'putet
1072 1360 1191 1420 turPe
1205 1395 1218 1418 ‚
1247 1364 1437 1407 desinere.

219 1439 566 1494 Quemadmodum
602 1441 731 1481 omnia
767 1440 861 1481 vitia
899 1441 1059 1495 penitus
1091 1439 1293 1493 insidunt,
1335 1440 1436 1494 nisi,

218 1516 318 1559 dum
351 1523 518 1572 surgunt
533 1547 546 1569 ‚
586 1528 771 1572 oppressa
803 1516 903 1557 sint:
933 1516 988 1557 ita
1008 1529 1168 1572 quoque
1189 1515 1286 1557 haec
1309 1516 1435 1557 tristia

219 1600 261 1635 et
294 1594 434 1635 misera
449 1623 462 1645 ‚
504 1598 546 1632 et
570 1592 613 1632 in
635 1605 678 1633 se
703 1592 936 1643 saev1entia‚
964 1592 1051 1647 ipsa
1085 1592 1293 1633 novissime
1325 1606 1437 1634 acer-

219 1667 343 1710 bitate
365 1673 608 1725 pascuntur,
638 1673 679 1707 et
705 1664 755 1707 fit
782 1664 947 1708 infelicis
969 1666 1088 1707 animi
1113 1681 1233 1723 prava
1256 1667 1438 1724 voluptas

219 1744 346 1787 dolor.
419 1742 461 1784 8.
514 1742 721 1798 Cupissem
757 1742 892 1797 itaque
930 1742 1066 1798 primis
1109 1743 1351 1799 temporibus
1387 1744 1439 1785 ad

218 1821 333 1863 istam
364 1818 607 1861 curationem
630 1816 828 1862 accedere.
890 1817 1050 1859 Leviore
1079 1818 1272 1860 medicina
1298 1818 1437 1862 fiiisset

217 1896 343 1940 oriens
369 1894 501 1937 adhuc
524 1892 799 1950 restinguenda
818 1894 899 1935 vis:
928 1893 1198 1936 vehementius
1221 1902 1357 1937 contra
1375 1895 1435 1936 in·

215 1979 388 2015 veterata
405 1971 663 2029 pugnandum
688 1978 759 2012 est.
833 1970 933 2013 Nam
954 1969 1165 2012 vulnerum
1185 1985 1347 2029 quoque
1373 1986 1436 2014 sa-

263 2086 312 2122 In
349 2096 614 2132 supervacuum.
688 2081 806 2119 Dietio
842 2083 915 2125 ἐρῶ·
942 2082 976 2113 σὲ
1005 2084 1068 2125 γὰρ
1098 2084 1162 2114 τῶν
1192 2084 1226 2114 δ’
1256 2085 1289 2119 ἐς
1316 2085 1432 2123 πλέον,

214 2148 368 2183 Senecae
389 2147 570 2193 frequens.
619 2144 671 2180 De
692 2144 803 2181 Clem.
1021 2138 1138 2177 ravan,
1161 2139 1258 2177 σέβω·

214 2209 293 2246 Lib.
320 2209 338 2245 I
366 2220 444 2256 cap.
468 2207 497 2242 V
523 2206 549 2256 ᾗ
573 2207 614 2243 4:
636 2214 804 2256 potestate
894 2205 931 2240 V
927 2205 1087 2242 ulnemm
1112 2220 1246 2255 quoque
1273 2208 1433 2246 Sanitas.

214 2283 281 2307 aua
290 2273 332 2306 in
347 2271 471 2307 melius
475 2269 724 2317 placidiusque
735 2270 803 2304 uti.
842 2266 959 2303 Acute
990 2280 1075 2304 sane
1108 2269 1154 2304 ad
1181 2270 1282 2305 hunc
1310 2270 1432 2307 locum

214 2330 266 2367 De
276 2333 352 2368 vita
361 2331 500 2377 Beat.V‚
511 2331 546 2367 3.
558 2332 805 2378 imperversum
842 2329 1026 2377 Ruhkopf.
1047 2345 1064 2364 »
1077 2329 1121 2366 A.
1134 2330 1171 2365 C.
1184 2330 1304 2367 Celsus
1319 2333 1432 2368 sanio-

215 2393 338 2438 solers,
358 2393 405 2429 de
420 2393 531 2431 Clem.
541 2392 558 2427 Ι
567 2420 577 2437 ,
595 2392 672 2427 XIX
687 2390 712 2440 §
723 2391 747 2427 7
762 2393 804 2426 in
841 2404 883 2427 ra
904 2392 1038 2428 suadet.
1055 2392 1095 2437 V,
1111 2392 1171 2428 21.
1183 2405 1264 2440 pag.
1276 2394 1360 2430 296.
1370 2392 1432 2429 'ed-

216 2455 341 2490 melius
359 2462 498 2503 potens.
535 2455 591 2490 Sic
610 2458 646 2489 et
664 2453 802 2490 Graeci.
841 2453 918 2501 bip.
928 2454 1074 2490 tandem
1084 2459 1119 2490 et
1130 2454 1265 2491 ferrum
1277 2456 1432 2491 candens

217 2517 367 2563 sophon.
380 2517 507 2563 Oedip.
518 2517 598 2564 Tyr.
611 2529 644 2553 v.
658 2515 742 2553 699.
842 2517 1106 2553 commendat.”
1155 2518 1223 2552 Sed
1239 2529 1357 2564 ncque
1369 2517 1432 2552 Sc-
