1848 3122
991 297 1033 335 10

418 425 594 481 exempla
631 425 774 464 deinde
802 435 1007 480 praecepta
1035 424 1190 467 dederit
1215 427 1415 481 inquirere
1441 441 1579 482 operae

418 499 492 539 erit
515 498 699 553 pretium.
1356 503 1361 510 ·

472 570 667 620 Quorum,
694 578 741 608 ut
778 567 941 608 Marciae
954 598 966 618 ,
1000 568 1149 608 animus
1182 582 1356 610 moerore
1385 582 1578 623 aegrotat,

417 654 553 680 eorum
580 637 681 678 illud
706 648 764 678 est
791 639 1019 694 proprium,
1045 648 1091 678 ut
1115 637 1319 679 hominum
1343 642 1580 682 consortium

416 711 627 766 lucemque
650 711 833 750 diurnam
859 711 1021 762 fugiant.
1050 709 1180 762 (conf.
1198 710 1292 765 Cap.
1309 710 1361 750 II.
1380 714 1404 764 §
1422 713 1480 766 5.)

468 781 741 823 consolaturus
768 782 906 833 igitur,
931 782 964 821 si
989 779 1086 821 nolit
1113 782 1260 821 surdae
1290 795 1407 822 auree
1437 784 1582 822 trami-

417 864 508 895 tum
534 855 651 895 verba
674 854 874 909 proferre,
899 852 942 894 id
964 868 1073 906 agere
1098 853 1235 904 debet,
1266 865 1312 894 ut
1332 853 1479 894 dolenti
1501 854 1580 893 ani-

416 940 526 965 mum
541 925 718 978 fugacem
741 924 981 976 demulceat,
1012 926 1212 980 rebusque
1236 925 1448 978 jucundis,
1475 925 1524 966 ad
1539 940 1578 966 se

416 997 568 1037 alliciat.
631 997 787 1038 Idcirco
813 1008 944 1037 noster
973 996 1104 1038 lan¹dat
1129 998 1243 1038 initio
1275 997 1437 1038 Marciae
1465 998 1582 1052 pieta·

415 1079 493 1107 tem
531 1083 767 1123 morumque
807 1067 1055 1120 elegantiam3
1107 1083 1270 1124 eamque
1308 1067 1451 1109 deinde
1488 1083 1582 1109 cum

414 1138 565 1178 duabus
617 1138 842 1178 mulieribus
885 1153 1006 1178 eea-uc
1043 1148 1081 1178 et
1116 1141 1241 1178 seculi
1285 1142 1353 1179 eui
1393 1141 1580 1193 exemplis

415 1220 628 1264 comparat.
682 1209 846 1249 Marciae
874 1220 976 1249 certe
993 1209 1196 1249 ambitioni
1210 1208 1400 1249 blandum
1415 1219 1581 1260 gratum·

414 1294 494 1333 que
518 1279 638 1319 fuerit
662 1294 817 1320 necesse
832 1291 890 1320 est
907 1281 1123 1334 comparari
1138 1281 1317 1335 inprimis
1335 1295 1428 1321 cum
1442 1280 1551 1320 Liuia
1563 1311 1575 1331 ‚

415 1352 581 1403 Augusti
606 1352 711 1391 orbis
738 1362 930 1391 terrarum
953 1352 1196 1405 imperatoris
1224 1364 1363 1402 uxore,
1389 1365 1511 1406 quam
1528 1351 1580 1390 fa-

415 1422 613 1462 miliariter
639 1437 801 1477 quoque
826 1421 996 1463 coluerat
1019 1422 1129 1475 (IV§
1155 1423 1205 1475 l).
1259 1421 1336 1463 Sed
1350 1433 1505 1477 praeter
1516 1424 1580 1474 ju-

411 1491 675 1543 cunditatem,
718 1507 797 1548 qua
832 1493 911 1533 hoc
951 1491 1176 1548 exemplum
1218 1492 1381 1534 Marciae
1406 1494 1581 1533 animum

412 1564 693 1618 perfunderet3
723 1564 806 1603 aliis
834 1578 996 1618 quoque
1021 1575 1061 1603 et
1088 1566 1235 1615 magnis
1263 1564 1477 1604 commodis
1498 1579 1578 1605 sese

415 1635 722 1676 commendabat.
777 1635 881 1686 Quae
909 1635 952 1674 in
980 1635 1115 1675 ceteris
1143 1649 1305 1690 quoque
1323 1635 1443 1687 hujus
1459 1634 1579 1676 libelli

411 1706 599 1762 exemplis
629 1721 755 1761 quum
781 1707 853 1745 sita
879 1705 976 1744 mihi
1007 1705 1240 1756 videantur3
1271 1706 1474 1761 sequentia
1502 1721 1578 1761 pro

411 1780 530 1819 totius
548 1777 815 1819 consolationis
833 1777 1088 1832 dispositione
1103 1777 1208 1818 dicta
1224 1776 1350 1818 velim.
1387 1778 1437 1819 Ut
1453 1778 1577 1819 multo

410 1849 558 1891 facilius
591 1860 650 1890 est
680 1848 836 1890 alterius
874 1849 1042 1889 absentis
1074 1848 1212 1889 faciem
1243 1850 1472 1902 cogitatione
1500 1850 1577 1891 sibi

410 1923 610 1974 effingere,
650 1937 768 1977 quam
800 1936 932 1971 suamg
979 1923 1036 1962 sic
1060 1920 1209 1962 'alienae
1242 1923 1382 1962 mentis
1414 1923 1506 1962 vitia
1539 1934 1578 1963 et

408 1995 569 2034 virtutes
586 1992 710 2034 multo
723 1992 880 2045 melius,
898 2008 1019 2048 quam
1035 2004 1164 2034 nostra
1175 1994 1479 2034 animadvertere
1490 2007 1577 2048 pos—

411 2078 557 2104 sumus.
611 2065 664 2103 At
691 2075 737 2104 ut
764 2078 855 2104 sano
886 2065 1015 2104 animo
1038 2066 1121 2116 jam
1150 2063 1424 2105 difficillimum
1454 2074 1513 2104 est
1537 2078 1577 2103 se

412 2149 644 2187 cognoscere
672 2147 713 2176 et
740 2146 845 2176 recte
872 2135 920 2176 de
947 2150 988 2176 se
1013 2136 1213 2188 judicare,
1239 2136 1297 2177 sic
1326 2147 1482 2189 aegroto
1497 2135 1575 2176 hoc

410 2207 569 2247 omnino
595 2208 816 2259 contingere
842 2221 923 2247 non
952 2221 1064 2262 posse
1089 2209 1218 2248 statim
1232 2218 1419 2263 apparet,
1448 2221 1574 2262 quum

411 2277 453 2318 id
477 2279 609 2334 ipsum
639 2294 721 2334 quo
742 2278 946 2332 judicatur
968 2291 1147 2333 aegrotet.
1204 2280 1336 2335 (Cous.
1356 2279 1438 2320 cic.
1460 2279 1571 2321 truse.

411 2351 521 2405 Disp.
540 2350 626 2391 Lib.
644 2351 713 2391 111.
734 2354 757 2405 §
782 2352 834 2406 l.)
889 2352 1011 2402 Quam
1037 2353 1153 2404 igitur
1179 2354 1293 2392 inane
1318 2352 1454 2391 fuisset
1479 2351 1574 2392 Mar-

409 2425 489 2464 ciae
516 2424 647 2463 statim
670 2424 834 2464 rationes
852 2424 1005 2476 afferre,
1036 2436 1114 2466 tam
1129 2425 1264 2465 efficax
1280 2424 1400 2463 fuerit
1415 2435 1571 2479 oportet

408 2498 442 2536 ei
469 2495 559 2537 alias
576 2511 758 2551 personas
775 2508 863 2537 ante
879 2496 1008 2538 oeulos
1028 2512 1192 2552 ponere,
1213 2511 1308 2551 quas
1325 2507 1465 2538 attente
1482 2512 1571 2539 con·
