1848 3122
801 314 824 352 5

294 442 496 482 caeterum
518 439 623 482 hanc
647 439 862 490 argumenti
882 437 1107 479 divisionem
1126 438 1253 490 tenui,
1279 449 1325 479 ut
1338 450 1395 480 to-

243 524 328 553 tum
356 512 399 550 in
439 509 532 549 duas
570 508 766 550 diviserim
796 521 922 564 partes
934 527 947 561 ς
979 523 1144 563 quarum
1169 509 1282 565 prior
1308 524 1397 549 con-

238 583 336 624 tinet
366 582 578 634 argumenti
608 583 770 622 brevem
792 582 1092 635 expositionem,
1119 596 1392 634 personarum,

242 668 341 711 quae
381 654 542 693 maxime
575 654 618 693 in
653 667 812 694 censum
844 653 1028 699 veniunt,
1063 651 1391 708 descriptionem,

236 726 497 782 temporisque
510 757 522 777 ‚
551 740 632 781 quo
653 726 841 781 scriptam
864 739 944 765 esse
965 724 1067 766 hanc
1092 713 1390 766 consolationem

235 812 328 840 vero
362 797 603 837 simillimum
638 796 832 849 videatur,
873 797 1150 838 definitionem.
1220 798 1268 836 In
1308 811 1391 852 quo

237 868 460 910 definiendo
495 867 712 923 plurimum
738 882 876 923 operae
902 867 1032 908 attulit
1060 869 1121 909 vir
1147 867 1391 907 doctissimus

237 941 281 981 F.
309 939 573 991 Heidbreede,
613 940 684 994 qui
711 954 813 979 anno
844 940 943 979 1839
970 938 1046 978 hac
1075 938 1124 978 de
1149 952 1193 977 re
1216 937 1393 992 peculia-

238 1011 334 1051 riter
352 1012 429 1063 egit
448 1011 491 1050 in
512 1009 797 1065 disputatione,
820 1023 919 1064 quae
941 1004 1148 1063 praemissa
1164 1019 1222 1049 cst
1236 1007 1391 1058 libello,

239 1083 355 1135 cujus
393 1081 528 1123 titulus
558 1092 637 1123 est:
668 1081 826 1122 Bericht
858 1082 958 1121 iiber
986 1080 1052 1121 das
1079 1081 1329 1136 Gymnasium
1354 1081 1397 1120 in

239 1152 425 1211 Bielefeld
463 1168 540 1194 von
575 1153 715 1194 Ostern
756 1154 856 1193 1838
892 1153 952 1192 his
993 1152 1132 1193 Ostern
1169 1154 1292 1203 1839,
1320 1167 1397 1193 von

238 1225 307 1265 Dr.
347 1225 389 1266 G.
426 1223 619 1266 Schmidt.
684 1224 890 1263 Praemissa
922 1233 981 1264 est
1017 1222 1230 1278 disputatio
1267 1223 1317 1263 de
1352 1223 1397 1263 L.

239 1296 401 1335 Annaei.
455 1296 617 1335 Senecae
652 1293 909 1334 consolatione
936 1293 985 1332 ad
1011 1294 1216 1344 Marciam,
1241 1305 1398 1334 auctore

239 1366 309 1407 Dr.
337 1364 537 1405 Friderico
562 1363 815 1404 Heidbreede.
869 1363 1051 1404 Bielefeld
1085 1366 1197 1406 1839.

294 1437 431 1488 cujus,
445 1437 518 1476 viri
542 1437 585 1475 in
612 1450 674 1475 me
696 1434 1002 1475 benevolentiam
1026 1435 1154 1489 palam
1176 1436 1400 1490 praedicare

237 1518 389 1561 gratum
429 1506 527 1547 mihi
570 1505 913 1561 honorificumque
952 1516 1033 1556 est,
1067 1521 1194 1561 quum
1225 1517 1264 1547 et
1294 1507 1398 1547 hanc

237 1579 542 1633 disputationem
573 1575 772 1626 accurate,
805 1577 1016 1629 perspicue
1043 1587 1082 1616 et
1109 1592 1200 1616 cum
1218 1578 1396 1628 judicio,

236 1659 283 1690 ut
305 1647 404 1689 mihi
432 1646 595 1704 quidem
617 1644 793 1698 videtur,
822 1646 1083 1702 conscriptam
1108 1647 1274 1700 benigne
1299 1648 1399 1688 mihi

236 1722 403 1771 miserit,
431 1731 473 1760 et
494 1719 644 1759 notulas
671 1718 860 1773 quasdam
879 1719 1034 1758 omissas
1063 1733 1181 1758 manu
1207 1734 1275 1759 sua
1297 1720 1401 1773 adje-

238 1792 347 1833 cerit.
395 1789 751 1831 Animadversiones
769 1787 958 1844 quasdam
972 1789 1022 1830 ad
1035 1789 1161 1844 ipsam
1178 1790 1402 1832 consolatio-

237 1878 329 1903 nem
353 1861 496 1901 addere
521 1863 562 1900 in
577 1862 705 1901 animo
720 1861 861 1900 habuit
875 1861 936 1901 vir
952 1860 1090 1901 doctus
1103 1891 1115 1911 ,
1132 1862 1200 1901 sed
1216 1863 1267 1902 ob
1283 1864 1397 1903 nimis
1446 1884 1450 1888 ·

237 1943 418 1986 angustos
446 1931 549 1972 illius
577 1930 697 1972 libelli
724 1931 908 1972 terminos
922 1962 934 1983 ,
959 1945 1019 1971 eas
1036 1931 1113 1972 hoc
1128 1946 1230 1973 anno
1244 1963 1256 1984 ,
1274 1934 1316 1973 ei
1329 1934 1399 1974 deo

234 2006 433 2058 placeret,
471 2004 513 2042 in
536 2003 670 2044 lucem
698 2003 811 2042 edere
838 2002 971 2043 voluit.
1025 2003 1126 2053 Quas
1153 2015 1281 2044 tamen
1305 2019 1403 2045 non—

240 2075 338 2115 dum
368 2073 487 2115 editas
515 2088 595 2114 esse
627 2072 769 2125 credo,
809 2088 935 2129 quum
965 2072 1067 2113 nihil
1092 2073 1166 2115 hac
1197 2074 1247 2115 de
1273 2090 1317 2116 re
1341 2077 1401 2117 vir

239 2147 379 2187 doctus
407 2146 450 2185 in
475 2145 617 2185 notulis
644 2144 719 2185 illis
745 2159 864 2185 manu
892 2144 1054 2197 adjectis
1083 2144 1199 2186 dicat.
1254 2147 1304 2187 Et
1321 2147 1402 2188 Deo

239 2218 347 2260 aliter
368 2229 426 2259 est
448 2218 586 2258 visum.
640 2218 776 2259 Paucis
805 2217 910 2258 euim
925 2216 1062 2258 diebus
1079 2229 1290 2274 postquam
1305 2220 1403 2263 haee

240 2290 403 2344 scripsi,
433 2288 679 2329 Heidbreedii
701 2290 855 2329 obitum
878 2290 1036 2345 accepi!

296 2360 425 2402 Altera
453 2376 545 2402 vero
568 2375 671 2400 meae
688 2360 961 2416 disputationis
978 2376 1068 2418 pars
1089 2363 1262 2404 continet
1277 2364 1404 2419 ipsam

244 2432 564 2485 consolationem,
588 2431 711 2489 qualis
739 2433 783 2472 in
805 2432 980 2474 editione
1008 2445 1227 2490 stereotypa
1251 2435 1404 2488 legitur,

242 2505 284 2544 in
311 2519 388 2560 qua
419 2516 547 2547 textus
576 2506 764 2558 eleganter
793 2520 997 2561 expressus
1028 2522 1109 2548 esse
1135 2507 1232 2547 mihi
1261 2507 1411 2548 videba-
