1848 3122
1012 290 1068 333 32

422 439 505 468 non
535 426 724 469 auderem
755 425 915 484 obviam
946 426 1004 467 ire
1025 424 1153 469 dolori
1175 434 1269 481 tuo,
1300 429 1365 471 cui
1387 429 1460 471 viri
1483 442 1644 486 quoque

422 501 594 544 libenter
612 493 781 542 'haerent
803 508 846 543 et
867 499 1059 543 incubant
1071 532 1084 556 ,
1112 515 1188 544 nec
1209 516 1324 558 spem
1348 504 1617 560 concepissem
1631 535 1644 558 ,

422 584 503 618 tam
525 576 660 632 iniquo
681 582 883 632 tempore,
904 583 986 618 tam
1003 577 1161 619 inimico
1179 576 1331 631 iudice,
1353 586 1436 620 tam
1454 579 1645 623 invidioso

420 652 608 705 crimine,
636 665 753 708 posse
777 665 844 694 me
875 652 1054 706 efficere,
1085 659 1132 694 ut
1155 650 1354 695 fortunam
1376 660 1490 696 tuam
1511 654 1644 699 absol-

420 741 543 770 veres.
615 727 819 770 Fiduciam
850 728 950 770 mihi
985 727 1097 769 dedit
1129 728 1380 785 exploratum
1415 729 1495 771 iam
1520 731 1644 773 robur

420 803 562 858 animi,
601 810 642 846 et
675 817 818 860 magno
853 804 1124 860 experimento
1153 804 1373 862 approbata
1403 804 1531 847 virtus
1558 812 1641 847 tua.

420 878 461 920 2.
502 880 591 922 Non
626 887 687 922 est
717 880 923 936 ignotum,
960 879 1122 937 qualem
1154 887 1195 921 te
1221 881 1264 922 in
1285 894 1494 937 personam
1519 882 1644 938 patris

421 955 482 997 tui
510 956 697 1011 gesseris,
730 970 853 1013 quem
875 970 957 998 non
978 956 1109 998 minus
1131 970 1254 1013 quam
1276 956 1420 999 liberos
1446 955 1643 1011 dilexisti,

419 1041 587 1089 excepto
620 1046 687 1086 e0‚
723 1033 834 1089 quod
864 1047 946 1074 non
968 1032 1133 1088 optabas
1155 1034 1431 1090 superstitem:
1460 1043 1534 1076 nec
1563 1033 1645 1076 scio

418 1137 553 1174 addere
573 1137 715 1174 dubitat
735 1136 830 1174 Ann.
851 1138 925 1182 ΠΙ,
950 1138 1009 1173 55.
1042 1139 1258 1185 precator-ie.-
1290 1138 1391 1175 Conf.
1421 1138 1468 1174 de
1488 1139 1548 1175 Ira
1571 1139 1643 1184 111,

418 1200 506 1234 Nisi
516 1200 617 1246 forte
638 1200 740 1234 rebus
760 1199 899 1234 cunetis
919 1198 1012 1232 inest
1048 1198 1197 1233 XXXVI.
1224 1198 1250 1246 §
1274 1199 1310 1234 3.

419 1260 564 1307 quidam
579 1260 674 1295 velut
690 1260 803 1305 orbis,
819 1266 877 1304 ut,
897 1271 1012 1306 quem·
1098 1258 1182 1293 Non
1226 1259 1371 1307 optabas
1413 1261 1643 1308 superstitem.

420 1322 606 1358 admodum
621 1329 811 1369 temporum
827 1322 940 1365 vices,
960 1321 1014 1355 ita
1051 1321 1193 1357 Scilicet
1219 1323 1391 1369 quoniam
1412 1322 1572 1360 Romana
1595 1325 1646 1359 ci-

419 1395 553 1419 morum
577 1389 773 1418 vertantur.-
802 1394 867 1417 nee
895 1382 1016 1416 omnia
1052 1382 1141 1418 vitas
1164 1387 1236 1419 tam
1257 1383 1396 1419 miseris
1411 1388 1490 1427 tum
1507 1395 1646 1431 preme·

418 1447 515 1495 apud
526 1447 665 1494 priores
682 1446 845 1490 meliora,
872 1445 932 1479 sed
952 1456 1014 1479 no·
1050 1444 1158 1480 batur
1183 1445 1461 1491 calamitatibus,
1492 1451 1534 1481 ut
1560 1446 1647 1482 Cre-

417 1515 491 1544 etra
509 1520 645 1555 quoque
665 1514 761 1543 aetas
770 1507 882 1542 multa
897 1506 1016 1542 laudis
1050 1506 1187 1542 mutius
1204 1506 1340 1542 Cordus
1361 1507 1472 1542 vitam
1488 1507 1647 1544 retinere

419 1575 453 1604 et
476 1570 626 1613 artium,
650 1568 827 1603 imitanda
844 1569 1015 1615 posteris,
1051 1579 1126 1603 non
1142 1572 1275 1614 posset,
1290 1567 1366 1602 >nisi
1383 1568 1559 1604 libertatis
1575 1573 1646 1604 stu-

420 1630 515 1665 tulit.
1035 1627 1157 1662 .dium
1200 1627 1397 1674 deponeret
1438 1633 1474 1664 et
1519 1629 1647 1676 Sejano

470 1691 637 1726 Haerent.
667 1689 740 1725 Hoc
755 1689 909 1725 verbum
923 1687 1015 1734 ipse,
1053 1687 1274 1723 adularetur.
1327 1687 1408 1724 vid.
1430 1688 1513 1735 Cap.
1538 1689 1646 1726 XXII.

420 1756 541 1788 noster
555 1751 606 1786 sic
618 1750 773 1798 explicat
788 1749 835 1786 de
845 1749 971 1797 Tranq.
983 1749 1013 1785 Ι.
1051 1748 1078 1798 §
1096 1749 1131 1785 4.
1165 1749 1240 1784 Nisi
1259 1748 1405 1785 fortasse
1420 1749 1521 1785 locus
1535 1749 1586 1786 ita
1601 1751 1647 1787 sit

418 1813 445 1860 §
456 1813 491 1850 8.
518 1813 603 1848 Sibi
613 1813 689 1860 ipse
703 1813 844 1848 animus
858 1811 1013 1856 haereat,
1052 1810 1300 1858 explicandus:
1327 1810 1458 1846 Omnes
1476 1811 1564 1847 boni
1585 1823 1647 1859 pa-

418 1889 455 1911 ee
477 1875 584 1920 colat,
606 1874 703 1910 nihil
721 1875 835 1910 alieni
852 1879 947 1921 aqat.
1050 1877 1171 1908 rentes
1191 1876 1316 1919 optant
1333 1877 1391 1917 ut,
1415 1871 1497 1908 fatis
1518 1872 1646 1909 ordine

469 1937 626 1973 Inimico
637 1936 777 1985 judice.
817 1934 928 1983 Saepe
944 1933 1014 1970 hac
1052 1934 1239 1979 euntibus,
1274 1933 1407 1969 liberos
1437 1933 1647 1981 relinquant

420 1999 685 2045 comparatione
720 1998 835 2033 utitur
868 1997 1012 2032 Seneca.
1052 1996 1266 2043 superstites.
1303 1995 1362 2030 Est
1379 1999 1505 2030 votum
1520 2007 1646 2041 paren·

421 2059 575 2106 Insignis
590 2059 692 2095 locus
707 2062 760 2094 est
775 2057 839 2105 Ep.
856 2057 1013 2093 XXVIII.
1052 2062 1142 2094 tum.
1179 2057 1223 2093 Ut
1239 2057 1369 2093 Mareia
1387 2056 1551 2104 sperabat
1568 2068 1648 2092 suos

421 2121 447 2170 §
467 2122 503 2158 7.
543 2122 597 2157 Tu
616 2121 799 2156 existimas
815 2120 955 2167 aliquid
974 2120 1015 2155 de
1052 2120 1185 2156 liberos
1199 2119 1403 2167 superstites
1420 2118 1647 2165 relinquere,

421 2183 572 2217 remedio
583 2183 753 2230 cogitare,
772 2182 836 2228 qui
845 2182 939 2216 mala
949 2193 1016 2216 sua
1053 2181 1148 2215 mori
1172 2185 1255 2216 ante
1280 2180 1431 2224 liberos,
1456 2179 1506 2214 sic
1525 2184 1648 2225 optare

421 2246 594 2281 virtutum
610 2245 685 2281 loco
697 2243 905 2280 numerant?
931 2243 1016 2279 Ideo
1053 2246 1193 2290 poterat
1213 2247 1255 2278 ut
1275 2246 1378 2290 pater
1402 2244 1486 2276 ante
1507 2251 1545 2276 se
1569 2251 1648 2276 mo-

422 2313 592 2354 quantum
614 2312 731 2353 potes,
761 2312 793 2340 te
819 2306 895 2352 ipse
921 2316 1016 2340 coar·
1054 2309 1209 2340 reretur.

420 2382 500 2417 que.
550 2368 698 2414 Inquire
726 2368 767 2402 in
792 2373 843 2403 te:
869 2379 1017 2403 accuea-
1101 2366 1177 2403 Neo
1205 2366 1281 2402 ecio
1311 2376 1370 2400 an.
1429 2361 1581 2400 Wolfius
1608 2363 1649 2399 in

420 2430 509 2465 toris
514 2430 675 2477 primum
679 2429 846 2476 partibus
848 2429 1015 2477 fungere,
1053 2428 1271 2464 lectionibus
1287 2425 1333 2460 ad
1350 2424 1490 2461 Tuscul.
1508 2425 1648 2470 Quaest.

420 2491 546 2528 deinde
560 2490 723 2540 judicie,
747 2489 937 2526 novissime
960 2490 1016 2526 de·
1054 2489 1132 2527 Lib.
1145 2489 1193 2526 ΙΙ.
1206 2486 1298 2536 §41.
1334 2485 1396 2523 Ed.
1409 2483 1650 2523 0re11i01829
