<?xml version="1.0" encoding="UTF-8"?>
<!DOCTYPE html PUBLIC "-//W3C//DTD XHTML 1.0 Transitional//EN"
    "http://www.w3.org/TR/xhtml1/DTD/xhtml1-transitional.dtd">
<html xmlns="http://www.w3.org/1999/xhtml" xml:lang="en" lang="en">
 <head>
  <title>
</title>
<meta http-equiv="Content-Type" content="text/html;charset=utf-8" />
  <meta name='ocr-system' content='tesseract 3.04.00' />
  <meta name='ocr-capabilities' content='ocr_page ocr_carea ocr_par ocr_line ocrx_word'/>
</head>
<body>
  <div class='ocr_page' id='page_1' title='image "4737360_0089.png"; bbox 0 0 1848 3122; ppageno 0'>
   <div class='ocr_carea' id='block_1_1' title="bbox 788 290 844 331">
    <p class='ocr_par' dir='ltr' id='par_1_1' title="bbox 788 290 844 331">
     <span class='ocr_line' id='line_1_1' title="bbox 788 290 844 331; baseline 0 0"><span class='ocrx_word' id='word_1_1' title='bbox 788 290 844 331; x_wconf 89' lang='grc'><strong>73</strong></span> 
     </span>
    </p>
   </div>
   <div class='ocr_carea' id='block_1_2' title="bbox 154 420 1432 2154">
    <p class='ocr_par' dir='ltr' id='par_1_2' title="bbox 154 420 1432 2154">
     <span class='ocr_line' id='line_1_2' title="bbox 214 420 1421 482; baseline -0.003 -16"><span class='ocrx_word' id='word_1_2' title='bbox 214 425 381 476; x_wconf 84' lang='lat' dir='ltr'><strong>derunt,</strong></span> <span class='ocrx_word' id='word_1_3' title='bbox 420 420 549 479; x_wconf 86' lang='lat' dir='ltr'><strong>qualis</strong></span> <span class='ocrx_word' id='word_1_4' title='bbox 582 422 656 464; x_wconf 90' lang='lat' dir='ltr'><strong>diu</strong></span> <span class='ocrx_word' id='word_1_5' title='bbox 685 423 787 465; x_wconf 88' lang='lat' dir='ltr'><strong>effici</strong></span> <span class='ocrx_word' id='word_1_6' title='bbox 818 430 963 482; x_wconf 68' lang='lat' dir='ltr'><strong>potest.</strong></span> <span class='ocrx_word' id='word_1_7' title='bbox 1031 421 1091 465; x_wconf 86' lang='lat' dir='ltr'><strong>Ne</strong></span> <span class='ocrx_word' id='word_1_8' title='bbox 1121 420 1224 464; x_wconf 84' lang='lat' dir='ltr'><strong>illud</strong></span> <span class='ocrx_word' id='word_1_9' title='bbox 1258 420 1421 478; x_wconf 84' lang='lat' dir='ltr'><strong>quidem</strong></span> 
     </span>
     <span class='ocr_line' id='line_1_3' title="bbox 214 497 1431 555; baseline -0.002 -14"><span class='ocrx_word' id='word_1_10' title='bbox 214 500 347 542; x_wconf 79' lang='lat' dir='ltr'><strong>dicere</strong></span> <span class='ocrx_word' id='word_1_11' title='bbox 382 506 520 555; x_wconf 89' lang='lat' dir='ltr'><strong>potes,</strong></span> <span class='ocrx_word' id='word_1_12' title='bbox 548 497 715 542; x_wconf 82' lang='lat' dir='ltr'><strong>electam</strong></span> <span class='ocrx_word' id='word_1_13' title='bbox 737 507 778 542; x_wconf 73' lang='lat' dir='ltr'><strong>te</strong></span> <span class='ocrx_word' id='word_1_14' title='bbox 807 515 831 541; x_wconf 87' lang='lat' dir='ltr'><strong>a</strong></span> <span class='ocrx_word' id='word_1_15' title='bbox 864 500 962 553; x_wconf 88' lang='lat' dir='ltr'><strong>diis,</strong></span> <span class='ocrx_word' id='word_1_16' title='bbox 990 500 1055 542; x_wconf 89' lang='lat' dir='ltr'><strong>cui</strong></span> <span class='ocrx_word' id='word_1_17' title='bbox 1079 499 1158 543; x_wconf 84' lang='lat' dir='ltr'><strong>frui</strong></span> <span class='ocrx_word' id='word_1_18' title='bbox 1183 513 1268 542; x_wconf 89' lang='lat' dir='ltr'><strong>non</strong></span> <span class='ocrx_word' id='word_1_19' title='bbox 1291 498 1431 540; x_wconf 75' lang='lat' dir='ltr'><strong>liceret</strong></span> 
     </span>
     <span class='ocr_line' id='line_1_4' title="bbox 213 573 1431 633; baseline -0.001 -16"><span class='ocrx_word' id='word_1_20' title='bbox 213 574 310 617; x_wconf 86' lang='lat' dir='ltr'><strong>filio.</strong></span> <span class='ocrx_word' id='word_1_21' title='bbox 370 575 500 620; x_wconf 88' lang='lat' dir='ltr'><strong>Circui</strong></span> <span class='ocrx_word' id='word_1_22' title='bbox 529 588 605 633; x_wconf 83' lang='lat' dir='ltr'><strong>per</strong></span> <span class='ocrx_word' id='word_1_23' title='bbox 634 588 794 618; x_wconf 90' lang='lat' dir='ltr'><strong>omnem</strong></span> <span class='ocrx_word' id='word_1_24' title='bbox 820 583 1006 619; x_wconf 82' lang='lat' dir='ltr'><strong>notorum</strong></span> <span class='ocrx_word' id='word_1_25' title='bbox 1019 583 1070 618; x_wconf 85' lang='lat' dir='ltr'><strong>et</strong></span> <span class='ocrx_word' id='word_1_26' title='bbox 1099 576 1326 633; x_wconf 77' lang='lat' dir='ltr'><strong>ignotorum</strong></span> <span class='ocrx_word' id='word_1_27' title='bbox 1352 573 1431 616; x_wconf 56' lang='lat' dir='ltr'><strong>five·</strong></span> 
     </span>
     <span class='ocr_line' id='line_1_5' title="bbox 215 651 1428 710; baseline -0.002 -16"><span class='ocrx_word' id='word_1_28' title='bbox 215 652 420 709; x_wconf 86' lang='lat' dir='ltr'><strong>quentiam</strong></span> <span class='ocrx_word' id='word_1_29' title='bbox 455 652 602 695; x_wconf 88' lang='lat' dir='ltr'><strong>oculis:</strong></span> <span class='ocrx_word' id='word_1_30' title='bbox 628 659 838 710; x_wconf 82' lang='lat' dir='ltr'><strong>occurrent</strong></span> <span class='ocrx_word' id='word_1_31' title='bbox 872 652 945 694; x_wconf 91' lang='lat' dir='ltr'><strong>tibi</strong></span> <span class='ocrx_word' id='word_1_32' title='bbox 969 653 1072 710; x_wconf 84' lang='lat' dir='ltr'><strong>passi</strong></span> <span class='ocrx_word' id='word_1_33' title='bbox 1093 653 1247 710; x_wconf 85' lang='lat' dir='ltr'><strong>ubique</strong></span> <span class='ocrx_word' id='word_1_34' title='bbox 1265 651 1428 695; x_wconf 77' lang='lat' dir='ltr'><strong>maiora.</strong></span> 
     </span>
     <span class='ocr_line' id='line_1_6' title="bbox 213 729 1428 787; baseline -0.002 -15"><span class='ocrx_word' id='word_1_35' title='bbox 213 729 427 773; x_wconf 82' lang='lat' dir='ltr'><strong>Senserunt</strong></span> <span class='ocrx_word' id='word_1_36' title='bbox 461 730 537 771; x_wconf 81' lang='lat' dir='ltr'><strong>ista</strong></span> <span class='ocrx_word' id='word_1_37' title='bbox 561 730 692 785; x_wconf 80' lang='lat' dir='ltr'><strong>magni</strong></span> <span class='ocrx_word' id='word_1_38' title='bbox 722 729 868 784; x_wconf 67' lang='lat' dir='ltr'><strong>duces,</strong></span> <span class='ocrx_word' id='word_1_39' title='bbox 903 737 1107 772; x_wconf 89' lang='lat' dir='ltr'><strong>senserunt</strong></span> <span class='ocrx_word' id='word_1_40' title='bbox 1127 730 1346 787; x_wconf 64' lang='lat' dir='ltr'><strong>principes:</strong></span> <span class='ocrx_word' id='word_1_41' title='bbox 1374 741 1428 770; x_wconf 80' lang='lat' dir='ltr'><strong>ne</strong></span> 
     </span>
     <span class='ocr_line' id='line_1_7' title="bbox 211 803 1427 863; baseline -0.001 -15"><span class='ocrx_word' id='word_1_42' title='bbox 211 804 306 848; x_wconf 87' lang='lat' dir='ltr'><strong>deos</strong></span> <span class='ocrx_word' id='word_1_43' title='bbox 338 805 502 862; x_wconf 88' lang='lat' dir='ltr'><strong>quidem</strong></span> <span class='ocrx_word' id='word_1_44' title='bbox 525 803 682 847; x_wconf 85' lang='lat' dir='ltr'><strong>fabulae</strong></span> <span class='ocrx_word' id='word_1_45' title='bbox 703 806 900 849; x_wconf 89' lang='lat' dir='ltr'><strong>immunes</strong></span> <span class='ocrx_word' id='word_1_46' title='bbox 925 805 1197 863; x_wconf 76' lang='lat' dir='ltr'><strong>mliquenmt,</strong></span> <span class='ocrx_word' id='word_1_47' title='bbox 1225 813 1350 862; x_wconf 77' lang='lat' dir='ltr'><strong>puto,</strong></span> <span class='ocrx_word' id='word_1_48' title='bbox 1378 811 1427 847; x_wconf 80' lang='lat' dir='ltr'><strong>ut</strong></span> 
     </span>
     <span class='ocr_line' id='line_1_8' title="bbox 212 879 1428 934; baseline -0.002 -10"><span class='ocrx_word' id='word_1_49' title='bbox 212 888 438 925; x_wconf 77' lang='lat' dir='ltr'><strong>nostrorum</strong></span> <span class='ocrx_word' id='word_1_50' title='bbox 472 879 657 923; x_wconf 83' lang='lat' dir='ltr'><strong>funerum</strong></span> <span class='ocrx_word' id='word_1_51' title='bbox 691 881 958 924; x_wconf 75' lang='lat' dir='ltr'><strong>levamentum</strong></span> <span class='ocrx_word' id='word_1_52' title='bbox 988 888 1117 934; x_wconf 65' lang='lat' dir='ltr'><strong>esset,</strong></span> <span class='ocrx_word' id='word_1_53' title='bbox 1144 880 1265 922; x_wconf 88' lang='lat' dir='ltr'><strong>etiam</strong></span> <span class='ocrx_word' id='word_1_54' title='bbox 1294 880 1428 922; x_wconf 69' lang='lat' dir='ltr'><strong>divina</strong></span> 
     </span>
     <span class='ocr_line' id='line_1_9' title="bbox 212 942 1432 1013; baseline -0.004 -13"><span class='ocrx_word' id='word_1_55' title='bbox 212 956 433 1000; x_wconf 81' lang='lat' dir='ltr'><strong>concidere.</strong></span> <span class='ocrx_word' id='word_1_56' title='bbox 494 956 534 997; x_wconf 87' lang='lat'><strong>5.</strong></span> <span class='ocrx_word' id='word_1_57' title='bbox 571 942 860 1013; x_wconf 75' lang='lat' dir='ltr'><strong>Circumspice,</strong></span> <span class='ocrx_word' id='word_1_58' title='bbox 887 957 1071 1013; x_wconf 85' lang='lat' dir='ltr'><strong>inquam,</strong></span> <span class='ocrx_word' id='word_1_59' title='bbox 1100 968 1257 998; x_wconf 70' lang='lat' dir='ltr'><strong>onmes:</strong></span> <span class='ocrx_word' id='word_1_60' title='bbox 1277 953 1432 997; x_wconf 78' lang='lat' dir='ltr'><strong>nullam</strong></span> 
     </span>
     <span class='ocr_line' id='line_1_10' title="bbox 211 1030 1430 1089; baseline -0.003 -13"><span class='ocrx_word' id='word_1_61' title='bbox 211 1040 295 1076; x_wconf 88' lang='lat' dir='ltr'><strong>tam</strong></span> <span class='ocrx_word' id='word_1_62' title='bbox 330 1032 514 1075; x_wconf 82' lang='lat' dir='ltr'><strong>miseram</strong></span> <span class='ocrx_word' id='word_1_63' title='bbox 545 1032 766 1077; x_wconf 83' lang='lat' dir='ltr'><strong>nominabis</strong></span> <span class='ocrx_word' id='word_1_64' title='bbox 795 1032 984 1087; x_wconf 86' lang='lat' dir='ltr'><strong>domum,</strong></span> <span class='ocrx_word' id='word_1_65' title='bbox 1023 1045 1126 1089; x_wconf 81' lang='lat' dir='ltr'><strong>quae</strong></span> <span class='ocrx_word' id='word_1_66' title='bbox 1154 1045 1234 1074; x_wconf 90' lang='lat' dir='ltr'><strong>non</strong></span> <span class='ocrx_word' id='word_1_67' title='bbox 1258 1030 1430 1073; x_wconf 85' lang='lat' dir='ltr'><strong>inveniat</strong></span> 
     </span>
     <span class='ocr_line' id='line_1_11' title="bbox 211 1092 1429 1162; baseline -0.003 -10"><span class='ocrx_word' id='word_1_68' title='bbox 211 1109 254 1152; x_wconf 90' lang='lat' dir='ltr'><strong>in</strong></span> <span class='ocrx_word' id='word_1_69' title='bbox 289 1109 489 1152; x_wconf 89' lang='lat' dir='ltr'><strong>miseriore</strong></span> <span class='ocrx_word' id='word_1_70' title='bbox 524 1109 721 1152; x_wconf 86' lang='lat' dir='ltr'><strong>solatium.</strong></span> <span class='ocrx_word' id='word_1_71' title='bbox 780 1110 889 1162; x_wconf 90' lang='lat' dir='ltr'><strong>Non,</strong></span> <span class='ocrx_word' id='word_1_72' title='bbox 926 1108 1173 1161; x_wconf 85' lang='lat' dir='ltr'><strong>mehercule,</strong></span> <span class='ocrx_word' id='word_1_73' title='bbox 1209 1115 1293 1150; x_wconf 84' lang='lat' dir='ltr'><strong>tam</strong></span> <span class='ocrx_word' id='word_1_74' title='bbox 1322 1092 1429 1149; x_wconf 81' lang='lat' dir='ltr'><strong>male</strong></span> 
     </span>
     <span class='ocr_line' id='line_1_12' title="bbox 210 1166 1431 1242; baseline -0.002 -14"><span class='ocrx_word' id='word_1_75' title='bbox 210 1183 263 1229; x_wconf 89' lang='lat' dir='ltr'><strong>de</strong></span> <span class='ocrx_word' id='word_1_76' title='bbox 287 1183 464 1229; x_wconf 90' lang='lat' dir='ltr'><strong>moribus</strong></span> <span class='ocrx_word' id='word_1_77' title='bbox 489 1184 569 1229; x_wconf 88' lang='lat' dir='ltr'><strong>tuis</strong></span> <span class='ocrx_word' id='word_1_78' title='bbox 594 1166 743 1239; x_wconf 81' lang='lat' dir='ltr'><strong>sentio,</strong></span> <span class='ocrx_word' id='word_1_79' title='bbox 763 1192 809 1228; x_wconf 86' lang='lat' dir='ltr'><strong>ut</strong></span> <span class='ocrx_word' id='word_1_80' title='bbox 834 1191 974 1242; x_wconf 86' lang='lat' dir='ltr'><strong>putem</strong></span> <span class='ocrx_word' id='word_1_81' title='bbox 999 1198 1113 1242; x_wconf 87' lang='lat' dir='ltr'><strong>posse</strong></span> <span class='ocrx_word' id='word_1_82' title='bbox 1135 1192 1177 1240; x_wconf 77' lang='lat' dir='ltr'><strong>te</strong></span> <span class='ocrx_word' id='word_1_83' title='bbox 1201 1183 1325 1227; x_wconf 86' lang='lat' dir='ltr'><strong>levius</strong></span> <span class='ocrx_word' id='word_1_84' title='bbox 1341 1176 1431 1240; x_wconf 84' lang='lat' dir='ltr'><strong>pati</strong></span> 
     </span>
     <span class='ocr_line' id='line_1_13' title="bbox 208 1258 1428 1315; baseline -0.002 -12"><span class='ocrx_word' id='word_1_85' title='bbox 208 1276 345 1303; x_wconf 90' lang='lat' dir='ltr'><strong>casum</strong></span> <span class='ocrx_word' id='word_1_86' title='bbox 379 1269 520 1313; x_wconf 83' lang='lat' dir='ltr'><strong>tuum,</strong></span> <span class='ocrx_word' id='word_1_87' title='bbox 559 1262 592 1302; x_wconf 92' lang='lat' dir='ltr'><strong>si</strong></span> <span class='ocrx_word' id='word_1_88' title='bbox 625 1260 701 1301; x_wconf 81' lang='lat' dir='ltr'><strong>tibi</strong></span> <span class='ocrx_word' id='word_1_89' title='bbox 730 1262 930 1315; x_wconf 85' lang='lat' dir='ltr'><strong>ingentem</strong></span> <span class='ocrx_word' id='word_1_90' title='bbox 963 1274 1174 1302; x_wconf 89' lang='lat' dir='ltr'><strong>numerum</strong></span> <span class='ocrx_word' id='word_1_91' title='bbox 1202 1258 1428 1315; x_wconf 78' lang='lat' dir='ltr'><strong>lugentium</strong></span> 
     </span>
     <span class='ocr_line' id='line_1_14' title="bbox 214 1335 1426 1394; baseline -0.001 -16"><span class='ocrx_word' id='word_1_92' title='bbox 214 1337 455 1394; x_wconf 84' lang='lat' dir='ltr'><strong>produxero:</strong></span> <span class='ocrx_word' id='word_1_93' title='bbox 483 1335 664 1379; x_wconf 81' lang='lat' dir='ltr'><strong>malevoli</strong></span> <span class='ocrx_word' id='word_1_94' title='bbox 697 1335 824 1378; x_wconf 81' lang='lat' dir='ltr'><strong>solatii</strong></span> <span class='ocrx_word' id='word_1_95' title='bbox 855 1351 979 1392; x_wconf 81' lang='lat' dir='ltr'><strong>genus</strong></span> <span class='ocrx_word' id='word_1_96' title='bbox 1011 1345 1091 1389; x_wconf 83' lang='lat' dir='ltr'><strong>est,</strong></span> <span class='ocrx_word' id='word_1_97' title='bbox 1127 1335 1247 1378; x_wconf 81' lang='lat' dir='ltr'><strong>turha</strong></span> <span class='ocrx_word' id='word_1_98' title='bbox 1268 1336 1426 1378; x_wconf 88' lang='lat' dir='ltr'><strong>misero·</strong></span> 
     </span>
     <span class='ocr_line' id='line_1_15' title="bbox 211 1410 1427 1466; baseline -0.002 -11"><span class='ocrx_word' id='word_1_99' title='bbox 211 1427 313 1455; x_wconf 92' lang='lat' dir='ltr'><strong>rum.</strong></span> <span class='ocrx_word' id='word_1_100' title='bbox 372 1412 572 1466; x_wconf 86' lang='lat' dir='ltr'><strong>Quosdam</strong></span> <span class='ocrx_word' id='word_1_101' title='bbox 605 1419 739 1454; x_wconf 84' lang='lat' dir='ltr'><strong>tamen</strong></span> <span class='ocrx_word' id='word_1_102' title='bbox 770 1411 960 1466; x_wconf 87' lang='lat' dir='ltr'><strong>referam,</strong></span> <span class='ocrx_word' id='word_1_103' title='bbox 997 1426 1077 1455; x_wconf 90' lang='lat' dir='ltr'><strong>non</strong></span> <span class='ocrx_word' id='word_1_104' title='bbox 1113 1420 1161 1454; x_wconf 85' lang='lat' dir='ltr'><strong>ut</strong></span> <span class='ocrx_word' id='word_1_105' title='bbox 1191 1412 1313 1465; x_wconf 87' lang='lat' dir='ltr'><strong>scias,</strong></span> <span class='ocrx_word' id='word_1_106' title='bbox 1349 1410 1427 1453; x_wconf 88' lang='lat' dir='ltr'><strong>hoc</strong></span> 
     </span>
     <span class='ocr_line' id='line_1_16' title="bbox 212 1489 1426 1545; baseline -0.002 -15"><span class='ocrx_word' id='word_1_107' title='bbox 212 1489 338 1545; x_wconf 88' lang='lat' dir='ltr'><strong>solere</strong></span> <span class='ocrx_word' id='word_1_108' title='bbox 365 1489 591 1532; x_wconf 86' lang='lat' dir='ltr'><strong>hominibus</strong></span> <span class='ocrx_word' id='word_1_109' title='bbox 614 1489 810 1532; x_wconf 85' lang='lat' dir='ltr'><strong>accidere:</strong></span> <span class='ocrx_word' id='word_1_110' title='bbox 838 1489 1052 1531; x_wconf 82' lang='lat' dir='ltr'><strong>ridiculum</strong></span> <span class='ocrx_word' id='word_1_111' title='bbox 1074 1497 1135 1531; x_wconf 61' lang='lat' dir='ltr'><strong>est</strong></span> <span class='ocrx_word' id='word_1_112' title='bbox 1161 1489 1290 1540; x_wconf 72' lang='lat' dir='ltr'><strong>enim5</strong></span> <span class='ocrx_word' id='word_1_113' title='bbox 1316 1502 1426 1529; x_wconf 89' lang='lat' dir='ltr'><strong>mor-</strong></span> 
     </span>
     <span class='ocr_line' id='line_1_17' title="bbox 210 1563 1428 1620; baseline -0.002 -14"><span class='ocrx_word' id='word_1_114' title='bbox 210 1564 371 1607; x_wconf 76' lang='lat' dir='ltr'><strong>talitatis</strong></span> <span class='ocrx_word' id='word_1_115' title='bbox 393 1565 574 1620; x_wconf 87' lang='lat' dir='ltr'><strong>exempla</strong></span> <span class='ocrx_word' id='word_1_116' title='bbox 600 1564 802 1619; x_wconf 87' lang='lat' dir='ltr'><strong>colligere:</strong></span> <span class='ocrx_word' id='word_1_117' title='bbox 830 1564 902 1607; x_wconf 88' lang='lat' dir='ltr'><strong>sed</strong></span> <span class='ocrx_word' id='word_1_118' title='bbox 927 1572 978 1606; x_wconf 84' lang='lat' dir='ltr'><strong>ut</strong></span> <span class='ocrx_word' id='word_1_119' title='bbox 997 1565 1095 1607; x_wconf 86' lang='lat' dir='ltr'><strong>scias</strong></span> <span class='ocrx_word' id='word_1_120' title='bbox 1117 1564 1242 1606; x_wconf 78' lang='lat' dir='ltr'><strong>fuisse</strong></span> <span class='ocrx_word' id='word_1_121' title='bbox 1256 1563 1428 1616; x_wconf 85' lang='lat' dir='ltr'><strong>multos,</strong></span> 
     </span>
     <span class='ocr_line' id='line_1_18' title="bbox 210 1638 1429 1697; baseline -0.001 -16"><span class='ocrx_word' id='word_1_122' title='bbox 210 1640 282 1697; x_wconf 90' lang='lat' dir='ltr'><strong>qui</strong></span> <span class='ocrx_word' id='word_1_123' title='bbox 307 1639 505 1681; x_wconf 87' lang='lat' dir='ltr'><strong>lenierunt</strong></span> <span class='ocrx_word' id='word_1_124' title='bbox 524 1652 661 1695; x_wconf 90' lang='lat' dir='ltr'><strong>aspera</strong></span> <span class='ocrx_word' id='word_1_125' title='bbox 681 1638 842 1681; x_wconf 90' lang='lat' dir='ltr'><strong>ferendo</strong></span> <span class='ocrx_word' id='word_1_126' title='bbox 866 1638 1035 1696; x_wconf 81' lang='lat' dir='ltr'><strong>placide.</strong></span> <span class='ocrx_word' id='word_1_127' title='bbox 1074 1638 1117 1681; x_wconf 79' lang='lat'><strong>6.</strong></span> <span class='ocrx_word' id='word_1_128' title='bbox 1148 1638 1184 1680; x_wconf 77' lang='lat' dir='ltr'><strong>A</strong></span> <span class='ocrx_word' id='word_1_129' title='bbox 1205 1638 1429 1681; x_wconf 77' lang='lat' dir='ltr'><strong>felicissimo</strong></span> 
     </span>
     <span class='ocr_line' id='line_1_19' title="bbox 207 1713 1426 1772; baseline 0 -16"><span class='ocrx_word' id='word_1_130' title='bbox 207 1714 405 1771; x_wconf 87' lang='lat' dir='ltr'><strong>incipiam.</strong></span> <span class='ocrx_word' id='word_1_131' title='bbox 465 1714 511 1756; x_wconf 89' lang='lat' dir='ltr'><strong>L.</strong></span> <span class='ocrx_word' id='word_1_132' title='bbox 542 1714 649 1772; x_wconf 89' lang='lat' dir='ltr'><strong>Sylla</strong></span> <span class='ocrx_word' id='word_1_133' title='bbox 673 1713 803 1757; x_wconf 89' lang='lat' dir='ltr'><strong>filium</strong></span> <span class='ocrx_word' id='word_1_134' title='bbox 832 1715 982 1757; x_wconf 85' lang='lat' dir='ltr'><strong>amisit:</strong></span> <span class='ocrx_word' id='word_1_135' title='bbox 1009 1728 1085 1758; x_wconf 88' lang='lat' dir='ltr'><strong>nec</strong></span> <span class='ocrx_word' id='word_1_136' title='bbox 1105 1728 1152 1757; x_wconf 87' lang='lat' dir='ltr'><strong>ea</strong></span> <span class='ocrx_word' id='word_1_137' title='bbox 1171 1728 1234 1757; x_wconf 63' lang='lat' dir='ltr'><strong>rm</strong></span> <span class='ocrx_word' id='word_1_138' title='bbox 1260 1722 1330 1757; x_wconf 84' lang='lat' dir='ltr'><strong>aut</strong></span> <span class='ocrx_word' id='word_1_139' title='bbox 1348 1714 1426 1756; x_wconf 81' lang='lat' dir='ltr'><strong>mi-</strong></span> 
     </span>
     <span class='ocr_line' id='line_1_20' title="bbox 154 1788 1426 1848; baseline 0.002 -18"><span class='ocrx_word' id='word_1_140' title='bbox 154 1793 160 1799; x_wconf 92' lang='grc'><em>“</em></span> <span class='ocrx_word' id='word_1_141' title='bbox 207 1788 332 1831; x_wconf 87' lang='lat' dir='ltr'><strong>litiam</strong></span> <span class='ocrx_word' id='word_1_142' title='bbox 359 1790 469 1843; x_wconf 91' lang='lat' dir='ltr'><strong>eius,</strong></span> <span class='ocrx_word' id='word_1_143' title='bbox 497 1796 538 1832; x_wconf 89' lang='lat' dir='ltr'><strong>et</strong></span> <span class='ocrx_word' id='word_1_144' title='bbox 560 1790 788 1832; x_wconf 83' lang='lat' dir='ltr'><strong>acerrimam</strong></span> <span class='ocrx_word' id='word_1_145' title='bbox 810 1791 998 1834; x_wconf 86' lang='lat' dir='ltr'><strong>virtutem</strong></span> <span class='ocrx_word' id='word_1_146' title='bbox 1021 1791 1063 1832; x_wconf 84' lang='lat' dir='ltr'><strong>in</strong></span> <span class='ocrx_word' id='word_1_147' title='bbox 1084 1790 1218 1834; x_wconf 63' lang='lat' dir='ltr'><strong>hostes</strong></span> <span class='ocrx_word' id='word_1_148' title='bbox 1241 1791 1426 1848; x_wconf 67' lang='lat' dir='ltr'><strong>civesque</strong></span> 
     </span>
     <span class='ocr_line' id='line_1_21' title="bbox 207 1864 1426 1924; baseline 0.002 -17"><span class='ocrx_word' id='word_1_149' title='bbox 207 1864 410 1919; x_wconf 87' lang='lat' dir='ltr'><strong>contudit,</strong></span> <span class='ocrx_word' id='word_1_150' title='bbox 451 1873 521 1908; x_wconf 90' lang='lat' dir='ltr'><strong>aut</strong></span> <span class='ocrx_word' id='word_1_151' title='bbox 553 1865 705 1920; x_wconf 87' lang='lat' dir='ltr'><strong>effecit,</strong></span> <span class='ocrx_word' id='word_1_152' title='bbox 748 1874 796 1909; x_wconf 86' lang='lat' dir='ltr'><strong>ut</strong></span> <span class='ocrx_word' id='word_1_153' title='bbox 829 1880 1047 1923; x_wconf 85' lang='lat' dir='ltr'><strong>cognomen</strong></span> <span class='ocrx_word' id='word_1_154' title='bbox 1081 1866 1182 1909; x_wconf 86' lang='lat' dir='ltr'><strong>illud</strong></span> <span class='ocrx_word' id='word_1_155' title='bbox 1213 1881 1426 1924; x_wconf 83' lang='lat' dir='ltr'><strong>usurpasse</strong></span> 
     </span>
     <span class='ocr_line' id='line_1_22' title="bbox 208 1940 1424 1999; baseline 0.001 -15"><span class='ocrx_word' id='word_1_156' title='bbox 208 1940 317 1984; x_wconf 84' lang='lat' dir='ltr'><strong>salvo</strong></span> <span class='ocrx_word' id='word_1_157' title='bbox 342 1941 565 1996; x_wconf 80' lang='lat' dir='ltr'><strong>videretur,</strong></span> <span class='ocrx_word' id='word_1_158' title='bbox 595 1943 707 1999; x_wconf 91' lang='lat' dir='ltr'><strong>quod</strong></span> <span class='ocrx_word' id='word_1_159' title='bbox 729 1943 872 1985; x_wconf 86' lang='lat' dir='ltr'><strong>amisso</strong></span> <span class='ocrx_word' id='word_1_160' title='bbox 896 1942 980 1985; x_wconf 89' lang='lat' dir='ltr'><strong>filio</strong></span> <span class='ocrx_word' id='word_1_161' title='bbox 1006 1944 1208 1986; x_wconf 88' lang='lat' dir='ltr'><strong>assumsit:</strong></span> <span class='ocrx_word' id='word_1_162' title='bbox 1240 1956 1316 1986; x_wconf 86' lang='lat' dir='ltr'><strong>nec</strong></span> <span class='ocrx_word' id='word_1_163' title='bbox 1334 1943 1424 1986; x_wconf 83' lang='lat' dir='ltr'><strong>odia</strong></span> 
     </span>
     <span class='ocr_line' id='line_1_23' title="bbox 207 2015 1424 2075; baseline 0.003 -17"><span class='ocrx_word' id='word_1_164' title='bbox 207 2015 415 2059; x_wconf 92' lang='lat' dir='ltr'><strong>hominum</strong></span> <span class='ocrx_word' id='word_1_165' title='bbox 443 2018 612 2072; x_wconf 86' lang='lat' dir='ltr'><strong>veritus,</strong></span> <span class='ocrx_word' id='word_1_166' title='bbox 641 2032 814 2075; x_wconf 90' lang='lat' dir='ltr'><strong>quorum</strong></span> <span class='ocrx_word' id='word_1_167' title='bbox 833 2018 946 2062; x_wconf 86' lang='lat' dir='ltr'><strong>malis</strong></span> <span class='ocrx_word' id='word_1_168' title='bbox 966 2019 1073 2062; x_wconf 88' lang='lat' dir='ltr'><strong>illius</strong></span> <span class='ocrx_word' id='word_1_169' title='bbox 1093 2020 1208 2062; x_wconf 91' lang='lat' dir='ltr'><strong>nimis</strong></span> <span class='ocrx_word' id='word_1_170' title='bbox 1226 2020 1424 2063; x_wconf 87' lang='lat' dir='ltr'><strong>secundae</strong></span> 
     </span>
     <span class='ocr_line' id='line_1_24' title="bbox 207 2093 1425 2154; baseline 0.002 -18"><span class='ocrx_word' id='word_1_171' title='bbox 207 2105 270 2136; x_wconf 86' lang='lat' dir='ltr'><strong>res</strong></span> <span class='ocrx_word' id='word_1_172' title='bbox 303 2093 555 2136; x_wconf 86' lang='lat' dir='ltr'><strong>constabant:</strong></span> <span class='ocrx_word' id='word_1_173' title='bbox 593 2108 668 2137; x_wconf 88' lang='lat' dir='ltr'><strong>nec</strong></span> <span class='ocrx_word' id='word_1_174' title='bbox 696 2094 884 2138; x_wconf 87' lang='lat' dir='ltr'><strong>invidiam</strong></span> <span class='ocrx_word' id='word_1_175' title='bbox 908 2095 1101 2150; x_wconf 89' lang='lat' dir='ltr'><strong>deorum,</strong></span> <span class='ocrx_word' id='word_1_176' title='bbox 1127 2110 1301 2154; x_wconf 88' lang='lat' dir='ltr'><strong>quorum</strong></span> <span class='ocrx_word' id='word_1_177' title='bbox 1322 2096 1425 2140; x_wconf 92' lang='lat' dir='ltr'><strong>illud</strong></span> 
     </span>
    </p>
   </div>
   <div class='ocr_carea' id='block_1_3' title="bbox 208 2298 1426 2473">
    <p class='ocr_par' dir='ltr' id='par_1_3' title="bbox 208 2298 1426 2473">
     <span class='ocr_line' id='line_1_25' title="bbox 260 2298 1426 2350; baseline 0.002 -13"><span class='ocrx_word' id='word_1_178' title='bbox 260 2301 385 2350; x_wconf 70' lang='lat' dir='ltr'><strong>Qualis</strong></span> <span class='ocrx_word' id='word_1_179' title='bbox 403 2301 467 2337; x_wconf 81' lang='lat' dir='ltr'><strong>diu</strong></span> <span class='ocrx_word' id='word_1_180' title='bbox 487 2298 581 2347; x_wconf 77' lang='lat' dir='ltr'><strong>effici</strong></span> <span class='ocrx_word' id='word_1_181' title='bbox 593 2306 710 2348; x_wconf 72' lang='lat' dir='ltr'><strong>potest</strong></span> <span class='ocrx_word' id='word_1_182' title='bbox 731 2299 798 2335; x_wconf 84' lang='lat' dir='ltr'><strong>diu</strong></span> <span class='ocrx_word' id='word_1_183' title='bbox 836 2311 930 2337; x_wconf 86' lang='lat' dir='ltr'><strong>neca</strong></span> <span class='ocrx_word' id='word_1_184' title='bbox 944 2300 1155 2337; x_wconf 84' lang='lat' dir='ltr'><strong>adverbium</strong></span> <span class='ocrx_word' id='word_1_185' title='bbox 1167 2313 1234 2348; x_wconf 87' lang='lat' dir='ltr'><strong>pro</strong></span> <span class='ocrx_word' id='word_1_186' title='bbox 1248 2300 1426 2350; x_wconf 83' lang='lat' dir='ltr'><strong>adjectivo</strong></span> 
     </span>
     <span class='ocr_line' id='line_1_26' title="bbox 209 2360 1422 2411; baseline 0.002 -13"><span class='ocrx_word' id='word_1_187' title='bbox 209 2360 302 2398; x_wconf 87' lang='lat' dir='ltr'><strong>effici</strong></span> <span class='ocrx_word' id='word_1_188' title='bbox 328 2362 579 2411; x_wconf 86' lang='lat' dir='ltr'><strong>accipiendum</strong></span> <span class='ocrx_word' id='word_1_189' title='bbox 601 2366 691 2408; x_wconf 83' lang='lat' dir='ltr'><strong>puto</strong></span> <span class='ocrx_word' id='word_1_190' title='bbox 710 2373 796 2408; x_wconf 87' lang='lat' dir='ltr'><strong>pro:</strong></span> <span class='ocrx_word' id='word_1_191' title='bbox 837 2367 999 2410; x_wconf 81' lang='lat' dir='ltr'><strong>usurpat.</strong></span> <span class='ocrx_word' id='word_1_192' title='bbox 1047 2362 1093 2397; x_wconf 83' lang='lat' dir='ltr'><strong>In</strong></span> <span class='ocrx_word' id='word_1_193' title='bbox 1124 2362 1194 2398; x_wconf 90' lang='lat' dir='ltr'><strong>hoc</strong></span> <span class='ocrx_word' id='word_1_194' title='bbox 1219 2362 1315 2400; x_wconf 84' lang='lat' dir='ltr'><strong>libro</strong></span> <span class='ocrx_word' id='word_1_195' title='bbox 1340 2363 1422 2409; x_wconf 82' lang='lat' dir='ltr'><strong>Cap.</strong></span> 
     </span>
     <span class='ocr_line' id='line_1_27' title="bbox 208 2422 1424 2473; baseline -0.001 -14"><span class='ocrx_word' id='word_1_196' title='bbox 208 2424 399 2461; x_wconf 65' lang='lat' dir='ltr'><strong>diuturnae</strong></span> <span class='ocrx_word' id='word_1_197' title='bbox 418 2424 529 2471; x_wconf 80' lang='lat' dir='ltr'><strong>effici,</strong></span> <span class='ocrx_word' id='word_1_198' title='bbox 552 2422 663 2471; x_wconf 79' lang='lat' dir='ltr'><strong>effici,</strong></span> <span class='ocrx_word' id='word_1_199' title='bbox 687 2429 728 2458; x_wconf 75' lang='lat' dir='ltr'><strong>ut</strong></span> <span class='ocrx_word' id='word_1_200' title='bbox 747 2435 797 2458; x_wconf 73' lang='lat' dir='ltr'><strong>es·</strong></span> <span class='ocrx_word' id='word_1_201' title='bbox 837 2422 904 2460; x_wconf 88' lang='grc' dir='ltr'><strong>ΙΙΙ.</strong></span> <span class='ocrx_word' id='word_1_202' title='bbox 930 2423 956 2473; x_wconf 77' lang='lat'>§</span> <span class='ocrx_word' id='word_1_203' title='bbox 977 2423 1012 2460; x_wconf 86' lang='lat'><strong>4.</strong></span> <span class='ocrx_word' id='word_1_204' title='bbox 1046 2423 1259 2461; x_wconf 69' lang='lat' dir='ltr'><strong>moderatim</strong></span> <span class='ocrx_word' id='word_1_205' title='bbox 1286 2437 1329 2461; x_wconf 83' lang='lat' dir='ltr'><strong>ac</strong></span> <span class='ocrx_word' id='word_1_206' title='bbox 1357 2425 1424 2459; x_wconf 80' lang='lat' dir='ltr'><strong>mi-</strong></span> 
     </span>
    </p>
   </div>
   <div class='ocr_carea' id='block_1_4' title="bbox 208 2485 1270 2524">
    <p class='ocr_par' dir='ltr' id='par_1_4' title="bbox 208 2485 1270 2524">
     <span class='ocr_line' id='line_1_28' title="bbox 208 2485 1270 2524; baseline 0 -2"><span class='ocrx_word' id='word_1_207' title='bbox 208 2493 259 2523; x_wconf 71' lang='lat' dir='ltr'><strong>set</strong></span> <span class='ocrx_word' id='word_1_208' title='bbox 285 2486 486 2524; x_wconf 72' lang='lat' dir='ltr'><strong>diuturnus.</strong></span> <span class='ocrx_word' id='word_1_209' title='bbox 547 2487 589 2523; x_wconf 79' lang='lat' dir='ltr'><strong>Et</strong></span> <span class='ocrx_word' id='word_1_210' title='bbox 620 2485 706 2523; x_wconf 79' lang='lat' dir='ltr'><strong>alibi</strong></span> <span class='ocrx_word' id='word_1_211' title='bbox 732 2485 796 2522; x_wconf 83' lang='lat' dir='ltr'><strong>Se-</strong></span> <span class='ocrx_word' id='word_1_212' title='bbox 837 2487 910 2523; x_wconf 72' lang='lat' dir='ltr'><strong>tius</strong></span> <span class='ocrx_word' id='word_1_213' title='bbox 930 2487 1001 2523; x_wconf 74' lang='lat' dir='ltr'><strong>en&#39;e</strong></span> <span class='ocrx_word' id='word_1_214' title='bbox 1019 2488 1060 2522; x_wconf 76' lang='lat' dir='ltr'><strong>in</strong></span> <span class='ocrx_word' id='word_1_215' title='bbox 1083 2487 1270 2523; x_wconf 68' lang='lat' dir='ltr'><strong>aerumnis.</strong></span> 
     </span>
    </p>
   </div>
  </div>
 </body>
</html>
