1848 3122
978 310 1060 354 120

416 443 563 486 visere:
599 443 692 486 licet
727 451 975 498 surrectura,
1009 443 1103 486 licet
1138 444 1291 487 ruitura
1323 457 1441 502 regna
1472 444 1625 502 prospi-

413 531 527 571 cere,
566 525 607 559 et
641 532 874 574 magnarum
906 519 1067 562 urbium
1099 520 1232 576 lapsus
1245 550 1258 572 ,
1288 527 1328 561 et
1353 522 1476 562 'maris
1489 576 1494 580 1
1508 534 1626 562 novos

413 609 563 638 cursus.
626 594 666 636 5.
697 596 797 639 Nam
830 597 863 639 si
895 603 1027 654 potest
1064 596 1138 638 tibi
1163 594 1301 638 solatio
1332 608 1418 638 esse
1445 595 1628 639 desiderii

413 672 474 712 tui
496 685 707 713 commune
733 671 884 726 fatum,
916 674 1014 714 nihil
1034 687 1114 729 quo
1134 679 1212 714 stat
1235 671 1322 714 loco
1339 671 1480 714 stabit:
1501 674 1633 714 omnia

411 755 584 802 sternet,
624 748 878 805 abducetque
911 736 1046 792 secum
1078 755 1274 790 vetustas:
1304 761 1377 789 nec
1404 747 1630 789 hominibus

412 824 544 865 solum
558 855 569 877 ,
612 824 752 881 (quota
785 826 891 866 enim
929 826 1004 866 ista
1047 824 1230 866 fortuitae
1270 824 1468 880 potentiae
1503 823 1632 879 portio

413 906 474 941 est
482 897 525 957 ‘?)
560 899 632 942 sed
665 899 759 943 locis
772 932 783 954 ,
813 900 884 943 sed
903 899 1127 956 regionibus
1140 931 1151 953 ,
1182 899 1254 941 sed
1280 898 1421 941 mundi
1446 897 1631 955 partibus

415 975 548 1016 ludet:
577 983 639 1017 tot
665 976 887 1033 supprimet
912 985 1086 1018 montes:
1116 984 1168 1017 et·
1181 976 1277 1017 alibi
1300 989 1420 1031 rupes
1445 976 1486 1016 in
1507 974 1634 1016 altum
1672 1030 1681 1033 -

415 1064 535 1092 novas
568 1052 782 1105 exprimet:
820 1053 943 1092 maria
971 1051 1172 1105 sorbebit,
1200 1052 1368 1093 flumina
1392 1057 1562 1091 avertet:
1591 1057 1634 1091 et

414 1125 648 1167 commercio
675 1126 853 1181 gentium
876 1133 1018 1183 rupto,
1048 1126 1276 1168 societatem
1301 1125 1452 1181 generis
1473 1124 1637 1166 humani

935 1202 1043 1244 Alibi
1075 1202 1249 1243 hiatibus
1284 1202 1400 1244 vastis
1439 1200 1638 1243 subducet

414 1278 535 1321 urbes
548 1310 560 1332 ,
599 1279 837 1322 tremoribus
871 1279 1049 1337 quatiet,
1087 1285 1127 1321 et
1152 1292 1199 1321 ex
1222 1276 1359 1320 infimo
1389 1276 1637 1335 pestilentiae

414 1354 562 1396 halitus
600 1356 757 1409 mittet,
797 1364 838 1396 et
872 1355 1221 1409 inundationibus,
1258 1354 1456 1410 quidquid
1481 1353 1637 1394 habita-

414 1209 631 1257 coetusque
662 1202 866 1250 dissolvet.

416 1437 507 1484 tur,
538 1430 734 1474 obducet:
764 1431 1000 1488 necabitque
1026 1445 1143 1473 omne
1169 1430 1312 1473 animal
1334 1429 1430 1472 orbe
1455 1429 1638 1472 submer-

416 1520 483 1559 so,
524 1515 565 1548 et
600 1507 757 1562 ignibus
787 1508 905 1549 vastis
942 1506 1107 1549 torrebit
1144 1505 1410 1562 incendetque
1446 1504 1636 1546 mortalia.

470 1706 656 1742 Commune
657 1707 794 1755 satum.
814 1705 857 1741 N.
870 1706 1008 1750 Quaest.

420 1768 478 1804 VI.
501 1767 584 1815 Cap.
605 1768 653 1804 Π.
673 1767 700 1817 §
721 1769 755 1804 5.
791 1767 938 1803 Nullum
959 1773 1010 1802 est

417 1830 532 1876 majus
551 1829 718 1863 solatium
737 1829 879 1871 mortis,
904 1840 1009 1873 quam

414 1892 497 1937 ipsa
516 1890 722 1925 mortalitas.
756 1889 829 1924 Hoc
843 1888 1009 1924 solatium

418 1951 546 1996 quanti
560 1951 714 1985 fecerint
732 1950 871 1996 antiqui
889 1949 1011 1995 colligi

418 2016 534 2058 potest
551 2024 595 2047 ex
614 2012 671 2047 his
690 2012 778 2048 locis
797 2010 1011 2058 praeclaris-

419 2073 527 2109 simis.
564 2074 635 2110 Cic.
663 2073 727 2120 Ep.
760 2072 806 2108 ad
831 2072 910 2108 niv.
932 2072 1009 2109 Lib.

419 2133 487 2179 IV,
520 2134 583 2182 Ep.
605 2136 628 2170 5
659 2134 684 2183 §
706 2134 728 2170 3
760 2139 796 2170 et
819 2133 911 2170 Plin.
933 2134 1009 2170 Sec.

419 2195 499 2230 Lib.
521 2194 588 2240 VI,
610 2195 674 2241 Ep.
695 2195 767 2230 XX.
814 2195 912 2238 Quae
932 2196 1011 2231 loca

419 2257 614 2303 quominus
651 2268 828 2302 apponam
858 2255 918 2290 vix
950 2268 1009 2291 an-

418 2318 516 2364 gusti
532 2318 641 2363 hujus
658 2318 774 2352 libelli
792 2317 937 2352 termini
951 2331 1009 2353 me

417 2377 599 2426 impedire
621 2385 777 2425 possunt.

470 2442 635 2477 Vetusius
673 2440 741 2477 »de
774 2440 1010 2479 inundatione

419 2503 571 2538 »mundi
591 2514 701 2549 quam
722 2503 860 2539 exustio
878 2515 1008 2549 sequa-

1051 1710 1155 1749 »tur,
1179 1716 1287 1741 nemo
1308 1717 1329 1740 e
1356 1705 1481 1741 Stoicis
1501 1709 1642 1752 praeter

1050 1768 1285 1812 »nostrum,''
1315 1771 1355 1802 ut
1377 1771 1522 1802 annotat
1543 1766 1642 1802 Ruh-

1032 1828 1200 1874 -kopfiuffi
1261 1828 1408 1863 Causam
1434 1828 1642 1873 hujusmodi

1050 1890 1216 1925 interitus
1255 1889 1388 1925 Seneca
1423 1888 1531 1924 tradit
1563 1889 1642 1925 Nat.

1051 1951 1190 1994 Quaest.
1221 1950 1288 1985 ΠΙ.
1310 1950 1358 1985 28
1379 1950 1404 1997 §
1420 1950 1456 1986 7.
1481 1950 1588 1996 Aqua
1610 1957 1644 1985 et

1051 2013 1150 2060 ignis
1168 2013 1316 2047 terrenis
1330 2011 1566 2046 dominantur.
1583 2012 1644 2046 Ea.-

1051 2074 1107 2110 Iais
1135 2081 1243 2120 ortus,
1276 2081 1310 2110 et
1336 2086 1380 2110 ex
1399 2074 1456 2109 his
1476 2074 1643 2124 interitus

1051 2143 1112 2172 est.

1097 2197 1279 2232 Hiatilme.
1315 2197 1452 2243 Lipsius
1474 2196 1641 2241 conjicie-

1047 2258 1110 2293 bat
1140 2259 1290 2293 motibus
1312 2270 1333 2293 e
1355 2257 1488 2293 codicis
1517 2256 1573 2291 sui
1592 2257 1654 2293 le-.

1048 2320 1168 2355 ctione
1188 2320 1378 2356 montibus.
1428 2317 1496 2353 Sed
1515 2330 1561 2354 an
1581 2332 1640 2356 va-

1048 2383 1114 2417 stis
1140 2382 1291 2417 motibus
1313 2379 1386 2414 dici
1409 2379 1517 2425 possit
1537 2380 1644 2416 dubi-

1049 2449 1102 2490 to;
1122 2456 1190 2480 nec
1211 2442 1319 2479 urbes
1338 2441 1492 2477 motibus
1510 2443 1638 2480 subdu-

1048 2513 1190 2550 cuntur,
1214 2504 1278 2540 sed
1301 2508 1522 2539 evertuntur.
