1848 3122
1030 296 1087 339 36

453 434 574 490 guine
600 447 680 476 suo
714 431 937 488 scripserat.

1006 429 1169 487 Optime
1201 430 1379 474 meruisti
1406 430 1459 474 de
1485 431 1667 477 Romanis

452 508 614 559 studii33
642 520 783 562 magna
806 505 965 567 illorum
986 519 1078 561 pars
1102 513 1263 547 arserat:
1292 508 1443 562 optime
1463 507 1515 548 de
1537 513 1670 563 poste-

450 594 688 631 bihliothecas.
722 594 939 642 Repugnant
951 594 1045 630 ratio

449 661 486 691 61
495 656 663 692 latinitas.
684 656 853 692 Marciam
863 657 974 692 libros
982 668 1043 703 pa·

446 717 511 752 tris
531 717 572 751 in
590 717 826 753 bibliothecas
846 718 1043 764 reposuisse

447 791 521 816 11011
553 778 723 824 arbitror,
758 778 820 814 sed
851 779 968 827 magis
998 779 1041 814 in

446 852 550 875 vasum
567 840 747 875 hominum
762 840 948 875 reducebat
963 852 1039 884 eos,

446 905 488 936 ut
509 901 560 937 ait
576 906 707 938 noster.
737 901 963 938 Monumenta
978 912 1039 937 au—

446 968 522 999 tem
533 964 580 999 ab
588 964 699 1011 hujus
713 963 794 999 aevi
807 963 1040 1009 scriptoribus

446 1025 580 1073 scripta
612 1025 732 1060 omnia
759 1024 928 1060 dicuutur
950 1037 1039 1072 quae

443 1088 632 1122 memoriae
659 1087 834 1131 serviunt,
861 1093 896 1122 et
924 1099 1040 1122 rerum

434 1148 709 1193 praeteritarum
709 1146 823 1193 fidem
824 1147 952 1194 faeere
953 1159 1036 1194 pos·

440 1214 540 1252 sum,
555 1212 598 1242 ut
609 1207 687 1254 jam
700 1206 913 1242 Buchnerus
923 1207 1036 1254 expli-

445 1269 540 1303 cavit
549 1269 596 1304 ad
602 1269 695 1303 Plin.
703 1268 779 1303 Sec.
787 1268 851 1314 Ep.
858 1268 905 1303 40
910 1269 987 1304 Lib.
992 1269 1033 1305 X.

443 1329 559 1373 Quam
592 1329 871 1376 explicationem
909 1328 1036 1365 confir-

442 1396 559 1426 mant:
571 1391 694 1426 Senec.
706 1390 752 1426 de
762 1391 888 1438 Tranq.
899 1389 958 1427 Vl.
966 1390 992 1439 ς
999 1390 1034 1426 2.

440 1451 616 1488 Isocrates
635 1452 835 1501 Ephorum.
850 1478 882 1489 ..
908 1464 932 1488 a
945 1453 1034 1501 foro

439 1515 625 1558 suhduxit,
638 1515 816 1548 utiliorem
829 1526 1034 1561 componen-

440 1574 498 1611 dis
538 1576 772 1611 monumentis
805 1575 1034 1611 historiarum

443 1643 554 1671 ratus.
582 1636 693 1670 Tacit.
708 1636 802 1670 Ann.
817 1635 878 1679 IV,
888 1636 947 1671 61.
958 1649 1035 1671 mo-

444 1702 612 1731 numenta
622 1696 763 1744 ingenii
771 1696 847 1743 ejus
856 1695 1035 1744 haudper-

442 1759 527 1794 inde
541 1759 746 1794 retinemur.
769 1756 813 1793 M.
825 1756 867 1793 A.
880 1757 1035 1794 Senecae

441 1831 522 1854 suas
537 1819 562 1855 7
577 1818 640 1853 Ed.
659 1818 766 1853 Gron.
777 1829 814 1865 p.
826 1818 888 1853 44:
904 1819 1033 1854 Omnia

432 1882 557 1930 potius
581 1879 762 1915 subeunda
784 1892 891 1927 quam
911 1892 1033 1915 monu-

440 1948 558 1977 menta
577 1942 718 1988 ingenii
735 1942 797 1975 sui
811 1941 929 1988 ipsum
942 1953 1032 1976 eatu—

439 2015 524 2040 rere.
558 2001 679 2050 Ejusd.
697 2001 811 2049 praef.
832 2001 880 2039 ad
901 2002 979 2038 Lib.
1000 2002 1031 2037 V

440 2065 605 2100 Controv.
652 2065 781 2111 ltaque
809 2075 930 2100 sensus
954 2069 1028 2100 est:

439 2125 625 2161 restituisti
642 2124 754 2161 libros
773 2128 816 2160 ut
835 2129 949 2160 essent
964 2136 1029 2172 pu-

436 2187 533 2223 blica
571 2190 826 2231 monumenta,
865 2191 1030 2223 veterum

433 2247 676 2284 Romanorum
699 2246 937 2294 praestantiae
951 2247 1027 2283 scil.

432 2314 470 2347 et
490 2300 665 2345 libertatis
681 2308 801 2345 studii.

1083 595 1179 630 tur.’'
1203 593 1330 641 Itaque
1344 595 1532 642 conjunxit
1542 600 1672 631 arserat

1080 667 1165 690 011111
1191 655 1350 701 genitivo
1368 657 1510 692 illorum
1530 657 1607 693 scil.
1629 656 1673 691 li·

1078 716 1245 761 brorum,
1273 716 1459 751 intellecto
1481 717 1669 751 desiderio:

1081 782 1121 814 ut
1131 777 1191 814 sit:
1203 792 1333 829 magna
1339 791 1423 828 pars
1436 777 1527 828 (scil.
1539 778 1672 815 studio-

1078 838 1176 887 rum)
1201 841 1343 876 illorum
1364 840 1554 889 (librorum
1580 839 1671 874 desi-

1078 899 1194 951 derio)
1212 909 1366 946 onera&
1383 901 1445 938 sed
1459 901 1672 937 desiderium

1078 962 1117 997 in
1137 963 1202 997 tali
1217 975 1322 999 sensu
1338 975 1539 1010 numquam
1554 963 1671 999 omitti

1077 1028 1206 1071 potest:
1234 1020 1296 1063 aut
1317 1025 1460 1060 illorum
1479 1024 1606 1060 retulit
1624 1024 1671 1061 ad

1076 1086 1206 1121 studiis
1226 1091 1268 1122 ut
1288 1086 1334 1122 sit
1350 1098 1432 1132 pro:
1450 1100 1582 1135 magna
1597 1094 1670 1123 stu·

1075 1146 1215 1181 diorum
1232 1159 1321 1194 pars
1342 1154 1497 1187 arenae:
1522 1152 1559 1183 61
1579 1153 1669 1184 111110

1074 1206 1231 1254 intelligi
1241 1206 1365 1243 debet:
1378 1208 1551 1244 desiderio
1563 1197 1670 1245 eorda·

1074 1268 1267 1310 librorum5
1292 1268 1391 1314 quod
1412 1281 1527 1316 6611116
1547 1270 1667 1305 absur-

1074 1327 1164 1364 dum
1178 1328 1337 1365 videtur.
1360 1328 1525 1377 Denique
1536 1336 1669 1366 arserat

1074 1394 1153 1425 tum
1187 1390 1388 1436 explicatur
1414 1403 1483 1438 per
1507 1392 1667 1437 ardebat,

1072 1449 1171 1498 quod
1181 1450 1261 1488 fieri
1271 1451 1413 1500 nequit.
1462 1451 1667 1500 Simplicior

1070 1513 1264 1559 veriorque
1285 1514 1490 1559 explicandi
1506 1516 1564 1550 via
1579 1516 1667 1550 iniri

1071 1586 1172 1621 posse
1197 1574 1290 1610 mihi
1311 1574 1469 1611 videtur.
1518 1575 1666 1613 Senatus

1074 1634 1181 1669 Cordi
1206 1635 1317 1670 libros
1336 1648 1402 1680 per
1429 1636 1563 1671 aediles
1589 1649 1664 1673 cre-

1072 1693 1220 1730 mandos
1234 1700 1420 1731 censuerat
1433 1695 1555 1745 (Tacit.
1567 1696 1664 1736 Ann.

1072 1754 1131 1800 IV,
1152 1754 1233 1804 35);
1258 1755 1413 1803 ideoque
1434 1757 1556 1794 dicere
1575 1765 1665 1806 puto

1072 1816 1260 1852 Senecam:
1279 1816 1402 1864 Magna
1412 1818 1559 1855 illorum
1570 1820 1663 1869 (scil.

1071 1877 1265 1927 librorum)
1280 1881 1363 1926 pars
1378 1885 1526 1925 arserat,
1541 1882 1663 1918 incen-

1071 1940 1134 1975 dio
1153 1940 1273 1975 deleta
1292 1945 1384 1985 erat,
1402 1940 1504 1975 nulla
1518 1941 1663 1979 fortasse

1070 2013 1197 2038 eorum
1215 2001 1353 2037 mentio
1371 2001 1418 2038 ad
1437 2007 1593 2049 posteros
1603 2016 1662 2041 ve-

1068 2064 1194 2108 nisset,
1215 2064 1285 2099 nisi
1306 2068 1348 2098 tu
1369 2076 1518 2111 quoque
1532 2064 1662 2102 Marcia

1069 2124 1141 2160 6116
1154 2123 1331 2159 librorum
1342 2124 1508 2172 exempla
1516 2124 1662 2163 celasses

1069 2190 1106 2221 61
1126 2197 1305 2222 servasses.
1331 2185 1421 2221 Jme
1437 2190 1559 2221 autem
1572 2186 1661 2225 dicit

1067 2259 1197 2296 magna
1207 2258 1318 2295 pars,·
1337 2258 1421 2282 nam
1438 2246 1568 2283 Marcia
1585 2260 1658 2286 non

1065 2309 1201 2355 solum,
1219 2309 1284 2345 11611
1305 2308 1368 2344 6111
1386 2320 1532 2356 1111011116
1547 2309 1657 2348 libros

480 2371 614 2418 Magna
629 2371 771 2405 illorum
779 2382 868 2418 pars
880 2377 1021 2406 arserat.
1061 2371 1143 2406 illos
1177 2370 1393 2406 celaverant.
1453 2369 1552 2407 Conf.
1588 2371 1654 2409 Dio

425 2432 549 2470 Ruhk.
561 2431 731 2480 explicat:
749 2431 880 2468 »multi
889 2431 1020 2470 horum
1060 2432 1155 2470 LVII
1161 2461 1173 2479 ,
1189 2431 1253 2468 24:
1270 2430 1402 2468 Ardere
1411 2442 1478 2479 pro
1487 2432 1652 2471 incendio

427 2496 604 2532 librorum
642 2493 819 2531 desiderio
852 2494 1019 2532 teneban-
1059 2495 1170 2530 deleri
1181 2497 1336 2539 >,usui-pat
1355 2497 1392 2527 et
1411 2493 1498 2530 alibi
1517 2501 1649 2531 noster.
