1848 3122
964 307 1021 349 94

382 441 576 484 misimus.
636 440 675 481 2.
717 439 851 482 Movet
871 447 920 481 et
938 438 1040 481 illud
1062 437 1267 495 lugentem
1292 439 1408 486 »Non
1429 439 1506 483 erit
1523 438 1596 496 qui

385 532 482 562 »me
504 515 713 568 defendat,
742 516 813 573 qui
836 531 859 558 a
881 523 1085 559 contemtu
1109 506 1325 560 vinliicetJ’
1354 518 1410 561 Ut
1433 518 1594 563 minime

381 593 601 652 probabili,
641 592 712 635 sed
744 607 838 636 vero
870 593 1008 636 solatio
1044 601 1155 636 utar:
1194 593 1236 635 in
1271 593 1433 637 civitate
1461 603 1595 639 nostra

380 670 472 727 plus
505 670 650 725 gratiae
685 669 833 712 orbitas
867 654 1192 725 confert,⁶quam
1217 669 1347 726 eripit.
1407 669 1599 728 Adeoque

379 753 623 790 senectutem
655 745 854 801 solitudo,
883 759 986 803 quae
1012 744 1164 788 solebat
1190 745 1415 799 destruere,
1444 746 1497 789 ad
1521 761 1598 803 po-

379 823 544 866 tentiam
573 822 708 876 ducit,
746 829 793 864 ut
817 822 981 878 quidam
1010 821 1098 863 odia
1122 821 1298 865 filiorum
1320 822 1530 876 simulent,
1555 831 1598 865 et
1631 863 1634 866 ,

379 898 523 942 liberos
564 899 744 952 eim-ent,
790 906 832 941 et
870 898 1081 941 orbitatem
1119 912 1242 941 manu
1279 898 1435 942 faciant.
1508 898 1598 941 Scio

380 976 481 1033 quid
516 976 642 1018 dicas:
668 976 802 1018 ‘))Non
826 982 986 1017 movent
1012 988 1076 1016 me
1107 975 1345 1017 detrimenta
1370 988 1477 1017 mea:
1513 982 1599 1017 ete-

382 1054 496 1098 )>nim
523 1067 603 1095 non
628 1060 689 1095 est
711 1052 855 1107 dignus
878 1051 1039 1105 solatio,
1069 1052 1140 1108 qui
1158 1051 1288 1095 filium
1311 1051 1387 1095 sibi
1408 1045 1602 1095 decessis-

382 1142 476 1182 »se,
515 1129 618 1170 sicut
647 1128 911 1182 mancipium,
951 1116 1117 1168 moleste
1147 1127 1243 1169 fert:
1279 1128 1344 1169 cui
1376 1128 1598 1184 quidquam

381 1204 452 1249 »in
474 1203 559 1246 filio
583 1204 803 1260 respicere,
837 1210 994 1258 praeter
1016 1190 1171 1259 ipsum,
1201 1204 1359 1246 vacat.’'
1418 1202 1460 1245 3.
1490 1203 1598 1257 Quid

377 1281 498 1336 igitur
534 1287 596 1333 te,
635 1279 800 1331 Marcia,
837 1277 1002 1320 movet?
1031 1286 1191 1332 utrum,
1228 1280 1338 1336 quod
1368 1279 1476 1322 filius
1502 1288 1598 1322 tuus

377 1356 565 1399 decessit:
588 1370 660 1408 an,
685 1354 794 1411 quod
815 1368 897 1396 non
920 1353 992 1396 diu
1015 1353 1140 1397 vixit?
1183 1355 1246 1409 Si,
1270 1355 1380 1412 quod
1407 1354 1598 1409 decessit,

375 1418 533 1489 semper
558 1418 733 1473 debuisti
756 1430 909 1472 dolere:
928 1443 1086 1486 semper
1107 1431 1214 1471 enim
1241 1431 1349 1473 scisti
1374 1432 1487 1472 mori.
1519 1431 1598 1473 Co.-

375 1509 456 1566 gita
470 1540 483 1562 ,
519 1507 640 1551 nullis
675 1505 911 1549 defunctum
939 1505 1052 1549 malis
1090 1506 1218 1560 affici3
1257 1506 1326 1569 illa
1351 1520 1456 1565 quae
1483 1506 1598 1550 nohis

375 1632 449 1679 pit,
468 1631 533 1678 qui
553 1631 604 1666 sio
620 1629 737 1665 credit
752 1629 834 1664 illos
849 1628 971 1663 abesse
1003 1630 1114 1676 pium
1124 1656 1134 1673 ‚
1156 1631 1243 1676 quia
1267 1643 1303 1665 sa
1323 1643 1395 1666 non
1408 1638 1599 1678 potuerunt

376 1698 563 1738 tamquam
576 1702 796 1734 reversuros,
814 1689 904 1724 (lum
917 1689 971 1723 ni·
1003 1690 1209 1736 provehere:
1229 1698 1263 1725 et
1281 1691 1347 1726 hac
1363 1691 1487 1726 deinde
1504 1704 1598 1727 aver-

375 1754 432 1789 hil
463 1757 563 1798 sunt,
599 1763 684 1798 ergo
712 1751 751 1785 in
781 1754 970 1785 aeternum
1008 1750 1143 1786 satione
1154 1751 1599 1798 alienonmprocmuum,

374 1818 515 1852 absunt.
556 1814 600 1850 Et
619 1812 824 1860 suppeditat
843 1816 969 1848 auctor
1007 1819 1041 1848 et
1061 1824 1203 1848 suorum
1227 1812 1464 1860 desperatione
1484 1814 1598 1849 obira-

373 1877 484 1913 verba
504 1875 637 1922 quibus
663 1873 777 1920 magis
789 1873 968 1921 fallamus
1005 1886 1105 1909 soem
1116 1875 1290 1921 fortunae
1310 1875 1461 1909 animus.

372 1945 506 1974 nosmet
533 1937 607 1985 ipsi
626 1936 702 1971 siv‘e
721 1935 884 1970 animum
904 1946 966 1970 no·
1058 1935 1202 1982 Semper
1229 1935 1324 1970 enim
1363 1936 1466 1970 scisti
1492 1938 1596 1972 mori.

373 2005 487 2036 strum
518 1998 713 2034 dolentem.
773 1996 842 2031 Ille
867 1996 966 2032 enim
1007 1997 1102 2034 Mori
1111 2007 1176 2042 pro
1185 1997 1393 2031 moriturum
1402 1996 1597 2037 essmcaemf.

373 2060 495 2097 dieere
504 2063 637 2112 potest:
655 2058 857 2093 dimisimus
873 2057 966 2106 illoc,
1006 2057 1122 2093 Sanct.
1144 2057 1228 2092 Min.
1251 2058 1328 2096 Lib.
1349 2058 1380 2093 1.
1402 2057 1484 2105 Cap.
1503 2057 1595 2098 XIV,

375 2126 566 2166 responde:
607 2127 714 2155 immo
726 2132 733 2138 '
746 2126 967 2155 consecuturi
1005 2136 1088 2165 pag.
1110 2124 1175 2156 111
1187 2150 1197 2164 ,
1222 2126 1288 2156 ubi
1307 2126 1466 2166 plurima
1487 2125 1599 2169 hujus

367 2180 634 2229 praemisimus,
651 2177 726 2214 soil.
744 2177 783 2214 in
799 2176 967 2214 eumdem
1006 2178 1148 2226 generis
1168 2179 1332 2226 exempla
1347 2179 1595 2220 inveniuntur.

373 2247 515 2290 locum,
539 2245 579 2281 in
602 2243 761 2281 nihilum
786 2240 931 2281 abituri.
1006 2241 1122 2285 Posset
1153 2241 1297 2283 sortasse
1328 2246 1363 2284 et
1395 2241 1458 2282 sio
1479 2241 1598 2293 expli·-

425 2305 521 2353 Quae
531 2305 660 2340 colebat
669 2304 853 2339 destruere.
879 2302 966 2337 Con·
1005 2304 1101 2340 cari:
1127 2304 1222 2340 scisti
1243 2305 1343 2340 enim
1363 2315 1503 2350 semper
1521 2316 1595 2341 mo-

373 2366 513 2406 feratur
530 2364 629 2402 locus
638 2363 685 2402 de
694 2363 821 2413 Tranq.
834 2360 963 2414 11.§9.
1004 2364 1055 2412 ri,
1091 2364 1161 2405 hoo
1198 2370 1251 2404 est
1289 2364 1329 2401 in
1361 2369 1595 2415 perpetuum,

375 2431 456 2466 Alit
476 2430 572 2464 enim
595 2429 738 2462 livorem
759 2427 892 2474 infelix·
911 2428 965 2461 in·
1003 2441 1078 2465 non
1108 2430 1148 2465 in
1177 2428 1326 2475 aliquod
1357 2433 1511 2476 tempus,
1545 2436 1595 2471 “a

375 2493 487 2529 ertia.-
522 2497 558 2527 εἰ
589 2500 705 2525 omnes
743 2488 875 2524 destrui
908 2499 964 2522 cu·
1004 2493 1069 2525 ἀεὶ.
