1848 3122
830 313 888 355 43

254 460 371 492 omne
401 448 504 490 vitae
533 458 630 492 suae
659 453 821 504 ‘tempus
836 479 849 502 ‚
888 446 1016 490 flendi
1052 446 1317 504 gemendique
1353 445 1471 490 fecit:

252 538 328 569 nee
358 523 459 566 ullas
497 523 654 566 admisit
684 536 799 565 voces
812 554 826 577 ,
863 524 1036 566 salutare
1071 523 1222 581 aliquid
1248 522 1469 565 afferentes.

251 601 313 644 Ne
331 601 483 643 avocari
503 600 667 657 quidem
689 613 732 642 se
754 613 869 657 passa
893 607 968 643 est.
1008 600 1164 643 Intenta
1184 602 1227 642 in
1246 613 1370 642 unam
1385 612 1475 641 rem

252 685 296 720 et
318 684 403 720 toto
421 678 550 721 animo
574 677 711 731 affixa,
735 677 826 719 talis
845 690 919 733 per
936 690 1094 719 omnem
1111 678 1231 719 vitam
1249 676 1349 730 fuit,
1370 689 1475 732 qua-

253 753 302 798 lis
337 755 380 796 in
420 753 579 797 funere:
615 767 696 795 non
728 753 817 813 dico
830 784 844 809 ,
863 767 963 807 ‚non
987 767 1082 796 ausa
1107 766 1369 809 consurgere,
1397 751 1472 795 sed

252 830 411 873 allevari
433 843 643 881 recusan53
667 830 880 871 'secundam
903 830 1114 872 orbitatem
1136 830 1336 883 iudicans,
1359 829 1473 871 lacri-

252 919 365 948 mans
383 906 554 946 mittere.
600 904 758 947 Nullam
782 905 928 947 habere
953 906 1167 960 imaginem
1194 903 1270 946 filii
1287 905 1475 947 carissimi

252 981 405 1034 voluit,
433 980 597 1036 nuUam⁹
610 981 686 1023 sibi
712 980 800 1022 fieri
823 981 876 1022 de
901 980 971 1022 illo
993 981 1249 1022 mentionem.
1296 979 1337 1021 5.
1367 979 1476 1022 Ode-

252 1064 316 1100 rat
335 1070 471 1099 omnes
495 1063 663 1111 matres,
684 1063 726 1100 et
749 1056 791 1101 in
815 1056 965 1098 Liviam
985 1056 1156 1097 maxime
1178 1055 1359 1110 furebat,
1383 1056 1478 1113 quia

252 1135 464 1178 videbatur
496 1134 547 1176 ad
570 1134 677 1177 illius
704 1132 836 1178 filium
863 1134 1045 1176 transisse
1070 1134 1146 1176 sibi
1169 1134 1362 1191 promissa
1386 1132 1476 1176 feli-

252 1213 362 1255 citas.
422 1210 611 1254 Tenebris
643 1218 685 1253 et
722 1206 926 1254 solitudini
966 1209 1266 1253 familiarissima
1279 1242 1292 1265 ‚
1331 1223 1384 1253 ne
1422 1210 1477 1252 ad

250 1287 414 1330 fratrem
432 1288 596 1344 quidem
621 1288 857 1343 respiciens,
886 1288 1061 1328 carmina
1086 1287 1345 1329 celebrandae
1368 1289 1476 1331 Mar-

253 1363 344 1406 celli
377 1364 588 1405 memoriae
616 1364 835 1419 composita
858 1363 1034 1420 aliosque
1058 1364 1283 1406 studiorum
1308 1364 1476 1407 honoras

252 1441 409 1495 reiecit,
433 1448 474 1482 et
498 1454 611 1485 aures
633 1439 739 1496 suas)
752 1439 941 1484 adversus
962 1453 1080 1481 omne
1102 1439 1291 1482 solatium
1313 1440 1474 1482 clausit:

251 1604 352 1637 rum,
373 1603 446 1638 qua
457 1602 556 1626 nunc
574 1590 715 1626 laborat
727 1590 843 1635 locus,
881 1589 972 1625 hum
1001 1589 1212 1636 hujusmodi
1238 1603 1343 1626 sensu
1373 1602 1475 1627 usur-

251 1654 393 1690 sublata
424 1653 504 1688 erit.
553 1652 723 1688 Latiarum
746 1652 845 1687 enim
882 1651 962 1698 pari
983 1651 1083 1687 solet.
1118 1652 1182 1699 Ep.
1201 1652 1386 1689 LXXVIII.
1404 1653 1475 1701 §3.

254 1715 302 1751 ad
335 1714 564 1759 Marcellum,
600 1715 685 1749 bene
716 1714 846 1762 legerat
878 1713 1036 1748 'Multum
1065 1714 1157 1748 mihi
1188 1715 1409 1751 contulerunt
1431 1716 1478 1752 ad

252 1776 301 1813 ad
326 1775 550 1822 Augustum,
574 1776 711 1810 nullum
730 1776 844 1822 finem
883 1774 1253 1811 bonamvaleeudinem
1261 1778 1383 1822 amici,
1393 1790 1474 1824 quo-

253 1837 300 1874 ad
323 1837 506 1872 Octaviam
522 1835 652 1871 referri
674 1836 793 1872 debet.
882 1847 960 1870 rum
977 1836 1297 1881 adhortationibus,
1314 1839 1471 1885 vigiliis,

301 1899 462 1936 Avocari
483 1899 635 1933 verbum
653 1898 721 1933 hae
742 1898 782 1933 in
801 1910 842 1933 re
880 1897 1095 1932 sermonibus
1118 1898 1304 1934 allevahar.
1330 1899 1473 1935 Curtius

252 1961 436 1997 usitatum.
460 1960 511 1996 De
531 1959 672 1995 Provid.
691 1960 759 1995 111.
770 1959 796 2007 §
806 1959 840 1995 9.
881 1957 1028 1993 Lib.lV.
1048 1957 1131 2005 Cap.
1152 1958 1223 1995 XV.
1243 1959 1269 2010 §
1288 1960 1345 1995 11.
1373 1961 1472 2008 Sisy.

252 2025 349 2061 Mero
369 2037 405 2059 se
426 2023 509 2058 licet
527 2023 659 2069 sopiat,
677 2027 710 2056 et
728 2034 842 2068 aqua—
877 2019 1017 2067 gambis
1028 2047 1038 2064 ‚
1064 2020 1283 2056 hortantibus
1301 2023 1472 2069 captivis,

251 2098 331 2122 rum
347 2085 547 2132 fraqorilme
561 2089 698 2127 avocet,
713 2090 747 2117 et
763 2083 840 2117 mil·
880 2087 920 2115 ut
930 2081 1090 2116 animum
1103 2095 1125 2116 a
1137 2094 1287 2117 moerore
1295 2083 1473 2118 allevaret-

251 2149 282 2184 le
322 2146 558 2195 voluptatibus
593 2151 741 2180 mentem
773 2157 842 2180 an—
927 2142 1114 2180 Lacrimas
1141 2145 1288 2180 mittere.
1337 2145 1475 2192 Lipsius

252 2211 353 2245 :ciam
361 2208 485 2257 sallat.
509 2206 601 2242 Inde
616 2215 842 2243 avocamenta
881 2204 983 2240 dedit
999 2207 1152 2241 omittere
1169 2206 1208 2240 in
1220 2206 1378 2242 editione
1390 2207 1473 2242 taei-

251 2270 351 2318 apud
367 2269 524 2305 Plinium
533 2269 608 2304 Sec.
638 2270 766 2305 Omnia
776 2271 841 2305 mi·
880 2270 928 2303 te.
950 2267 1173 2314 Quamquam
1190 2267 1288 2303 idem
1299 2268 1475 2315 significet

252 2331 293 2367 lu·
301 2333 437 2377 studia,
458 2344 573 2367 omnes
583 2342 702 2376 curas,
721 2333 841 2368 omnia
880 2330 1032 2375 mittere,
1051 2334 1093 2365 ut
1103 2329 1229 2377 virgil.
1240 2329 1330 2366 Aen.
1345 2331 1376 2367 Ι.
1388 2330 1470 2367 203.

251 2402 479 2430 avocamenta
498 2394 642 2438 exemit,
668 2395 840 2439 excussit,
879 2391 1039 2426 timorem
1070 2392 1220 2437 mittite,
1250 2392 1311 2428 hic
1335 2397 1470 2437 tamen,

251 2455 383 2502 eripuit
393 2456 499 2493 dolor.
509 2456 587 2493 Lib.
597 2455 693 2491 VIII.
704 2455 767 2503 Ep.
779 2457 838 2494 23.
880 2456 923 2486 ut
951 2452 1085 2487 vitetur
1117 2452 1345 2499 ambiguum,
1371 2453 1473 2488 omit-

299 2514 471 2556 Allevari,
519 2518 632 2559 Etiam
655 2519 726 2556 hoc
755 2531 838 2555 ver-
879 2519 949 2548 tere
973 2513 1117 2550 videtur
1140 2513 1428 2560 praeferendum.
