1848 3122
984 315 1066 358 108

410 458 484 495 aut
510 450 680 495 alterum
710 448 875 494 liberius
907 449 1088 506 dictum,
1117 451 1230 510 quod
1260 454 1404 498 tacitus
1426 454 1528 498 ferre
1552 468 1632 499 non

408 534 616 585 potuerat,
640 526 826 568 Seianum
847 528 889 569 in
906 528 1077 570 cervices
1090 526 1248 571 nostras
1274 544 1350 572 nec
1367 533 1519 588 imponi
1541 533 1632 590 qui-

408 604 525 658 dem,
553 602 625 645 sed
657 601 883 646 escendere.
944 601 984 645 3.
1026 603 1323 647 Decernebatur
1349 605 1409 647 illi
1433 615 1565 651 statua
1590 609 1632 651 in

404 679 583 735 Pompeii
606 678 760 720 theatro
787 681 993 735 ponenda,
1030 679 1141 735 quod
1162 687 1348 722 exustum
1372 681 1516 724 Caesar
1537 684 1633 726 refi-

403 753 546 798 ciebat.
619 753 861 815 Exclamavit
899 753 1074 798 Cordus:
1121 754 1266 799 »Tunc
1298 770 1390 799 vere
1429 755 1631 800 theatrum

407 832 610 889 „perire”
670 831 767 884 Quis
802 845 896 887 ergo
924 845 1007 873 non
1028 839 1305 888 rumperetur,
1334 846 1454 889 supra
1478 833 1629 875 cineres

404 909 477 952 Cn.
511 908 693 966 Pompeii
733 909 922 951 constitui
956 909 1164 962 Seianum,
1208 916 1249 951 ct
1288 910 1331 951 in
1362 910 1629 953 monumentis

402 985 565 1026 maximi
582 985 831 1042 imperatoris
852 985 1068 1027 consecrari
1091 984 1293 1041 perfidum
1311 985 1480 1028 militem
1491 984 1515 1027 ’ἶ
1531 999 1629 1045 con-

401 1068 581 1102 secratur
613 1061 927 1115 subscriptione:
956 1068 998 1102 et
1032 1061 1212 1102 acerrimi
1237 1075 1379 1114 canes,
1409 1050 1510 1117 quos
1533 1061 1626 1116 ille,

400 1142 448 1177 ut
481 1135 558 1177 sibi
591 1135 661 1177 uni
688 1141 938 1188 mansuetos,
968 1134 1155 1177 omnibus
1179 1133 1281 1177 feros
1315 1135 1506 1190 haberet,
1535 1151 1628 1179 san-

398 1211 518 1268 guine
551 1210 727 1253 humano
762 1210 976 1268 pascebat,
1006 1209 1302 1253 circumlatrare
1324 1210 1527 1254 hominem
1539 1243 1553 1267 ,
1583 1220 1626 1255 et

399 1287 517 1330 illum
538 1288 802 1344 imperatum,
833 1287 1042 1344 incipiunt.
1100 1285 1144 1328 4.
1174 1287 1281 1340 Quid
1302 1286 1482 1330 faceret?
1509 1289 1543 1331 si
1563 1289 1624 1331 vi-

398 1379 491 1407 vere
525 1364 668 1418 vellet,
712 1365 876 1406 Seianus
908 1362 1107 1419 rogandus
1144 1370 1247 1405 erat:
1291 1364 1325 1406 si
1361 1364 1485 1418 mori,
1523 1364 1620 1407 filia.

398 1428 577 1496 Uterque
611 1439 881 1481 inexorabilis:
918 1439 1124 1481 constituit
1148 1434 1274 1480 filiam
1310 1439 1456 1481 fallere.
1520 1434 1625 1482 Usus

395 1515 532 1572 itaque
557 1515 721 1569 balneo,
750 1523 792 1557 et
825 1528 907 1572 quo
930 1513 1024 1570 plus
1052 1514 1196 1556 virium
1223 1521 1412 1571 poneret,
1441 1515 1484 1556 in
1508 1514 1625 1557 cubi-

452 1647 598 1684 Theatro
612 1646 740 1682 dehoc
751 1646 847 1681 conf.
857 1646 990 1691 interp.
1030 1645 1088 1679 Sic
1118 1645 1318 1680 Gronovius
1350 1658 1372 1680 e
1397 1646 1504 1681 codd.
1531 1657 1627 1682 non-

397 1707 445 1743 ad
456 1708 602 1743 Sueton.
615 1706 759 1752 inAug.
772 1704 989 1752 Cap.xxxl.
1029 1704 1142 1739 nullis
1160 1705 1358 1740 rectissime
1379 1706 1544 1752 reduxit,
1565 1708 1628 1742 cui

396 1768 455 1805 45.
1027 1765 1251 1813 Ruhkopfius
1266 1779 1413 1815 quoque
1424 1769 1626 1808 assentitur.

389 1858 395 1864 .
441 1830 677 1878 Rumpor-etur
714 1827 793 1864 scil.
832 1827 987 1863 invidia.
1027 1828 1062 1865 J.
1085 1828 1129 1865 M.
1153 1829 1367 1876 Heusingeri
1398 1830 1625 1867 emendatio—

391 1891 450 1928 Sic
491 1891 651 1939 Propert.
691 1890 769 1926 Lib.
802 1889 834 1926 1.
868 1889 986 1924 Carm-
1026 1902 1113 1926 nem
1129 1889 1232 1926 affert
1248 1890 1371 1927 Ruhk.
1385 1891 1538 1938 legentis
1555 1906 1624 1941 quo

391 1953 493 1989 VIII.
511 1965 547 1989 V.
557 1953 606 1989 27
626 1958 834 2000 rumpantur
852 1951 984 1998 iniqui.
1024 1953 1194 2000 pluribus
1242 1953 1446 2000 imponeret.
1515 1953 1629 1991 Addit

392 2014 474 2050 vid.
498 2019 584 2050 nota
603 2013 803 2048 Burmanni
821 2013 868 2048 ad
886 2013 1002 2061 hunc·
1026 2013 1195 2060 Heusing.
1226 2024 1319 2049 »nec
1348 2025 1391 2049 eo
1411 2014 1561 2051 consilio
1581 2017 1622 2051 in

391 2075 516 2111 locum
553 2079 590 2110 et
625 2074 672 2110 ad
705 2074 831 2121 virgil.
865 2074 986 2121 Eclog..
1024 2075 1239 2111 cubiculum
1249 2087 1287 2111 se
1300 2076 1469 2121 contulit,
1485 2081 1526 2111 ut
1540 2075 1623 2123 plus

393 2135 556 2171 docentis
596 2137 714 2182 rumpi
751 2136 801 2170 sic
841 2137 986 2171 seorsim
1025 2137 1161 2171 virium
1176 2141 1344 2182 poneret,
1360 2137 1425 2172 sed
1441 2142 1484 2172 ut
1501 2148 1624 2173 omnes

393 2202 458 2234 aut
479 2208 563 2233 cum
585 2196 666 2232 odio
680 2195 780 2244 poni.
806 2195 864 2232 Sic
882 2196 987 2233 Grae·
1025 2194 1628 2246 cmtodcsministromuefalleret.”

392 2261 428 2296 ci
460 2265 698 2305 διαρρἡνυμι,
731 2258 826 2294 conf.
857 2258 987 2294 Lucia·
1026 2260 1158 2295 Contra
1174 2259 1305 2304 sentio,
1329 2271 1451 2305 neque
1473 2259 1623 2306 siquam

391 2333 462 2358 nus
476 2321 517 2356 in
531 2320 677 2357 Timone
688 2332 723 2358 v.
735 2319 807 2357 672
823 2318 882 2356 cd.
896 2320 984 2357 min.
1020 2321 1194 2370 plurimis
1214 2320 1388 2357 ministris
1406 2320 1623 2370 imponeret,

393 2385 525 2420 Hemst.
574 2383 664 2418 Hinc
693 2382 839 2419 fortasse
869 2383 984 2429 expli·
1025 2383 1109 2419 ideo
1121 2385 1283 2419 omnibus
1296 2382 1518 2429 imposuisset
1524 2400 1535 2432 ;
1550 2398 1619 2433 quo

391 2446 552 2484 candum
573 2445 614 2480 in
635 2443 760 2481 Plauto
781 2444 983 2482 daerectum.
1017 2446 1185 2494 pluribus
1212 2444 1312 2481 enim
1341 2456 1540 2494 numquam
1568 2447 1619 2483 si-

442 2509 517 2557 Quo
547 2508 633 2556 plus
671 2507 804 2544 virium
828 2513 983 2555 poneret.
1023 2507 1194 2555 gnificare
1214 2509 1330 2554 potest
1346 2508 1519 2548 omnibus.
1545 2508 1618 2545 1100
