1848 3122
985 280 1039 321 72

406 424 446 457 ta
459 447 472 470 ,
501 415 657 459 summa
676 413 880 470 diligentia
903 414 1114 469 nutriunt,
1143 414 1332 459 fluuntur
1352 415 1485 473 aliqua
1508 412 1625 457 volu·

409 500 522 550 ptate
546 506 594 535 ex
613 491 700 534 visu
718 497 913 549 tactuque
928 498 971 534 et
992 490 1140 536 blanda
1161 491 1386 535 adulatione
1398 499 1626 542 mutorum3

407 568 549 610 liberos
575 566 846 609 nutrientibus
858 598 870 621 ,
899 580 979 609 non
995 567 1153 610 fructus
1169 566 1414 610 educationis
1430 569 1516 625 ipsa
1531 567 1626 610 edu·

406 643 508 685 catio
530 650 604 685 est.
664 642 776 684 Licet
797 643 935 700 itaque
956 643 1032 704 tibi
1050 642 1149 684 nihil
1171 642 1365 685 industria
1382 644 1468 686 eius
1489 652 1628 703 contu·

405 718 517 772 lerit,
540 717 640 760 nihil
658 717 864 774 diligentia
882 719 1136 773 custodierit,
1160 719 1260 761 nihil
1279 718 1627 777 prudentiaquae·

404 795 534 836 sierit:
561 794 693 851 ipsum
718 794 831 851 quod
854 794 1050 849 habuisti,
1073 795 1185 852 quod
1200 796 1358 849 amasti,
1378 795 1531 838 finctus
1552 802 1627 837 est.

409 870 493 913 »At
514 872 648 928 potuit
670 870 824 928 longior
845 884 953 926 esse,
982 878 1024 914 et
1043 872 1214 914 maion’)
1276 870 1316 915 3.
1339 871 1480 915 Melius
1496 878 1630 914 tamen

405 954 541 989 tecum
574 954 710 990 actum
741 956 824 1002 est,
863 962 985 1005 quam
1018 949 1053 991 si
1078 948 1239 991 omnino
1270 963 1352 991 non
1379 948 1630 1004 contigisset,

403 1024 618 1080 quoniam,
656 1024 691 1066 si
715 1031 888 1081 ponatur
918 1024 1083 1079 electio,
1123 1032 1262 1068 utrum
1288 1025 1411 1068 satius
1442 1024 1516 1078 sit,
1551 1037 1631 1066 non

402 1099 474 1141 diu
510 1098 665 1140 felicem
699 1112 807 1154 esse,
834 1100 899 1141 'an
933 1113 1165 1156 nunquam,
1202 1100 1345 1144 melius
1371 1107 1454 1154 est,
1482 1100 1632 1144 discoe-

402 1187 495 1216 sura
527 1173 642 1217 nobis
674 1173 803 1230 bona,
832 1187 956 1233 quam
976 1160 1102 1218 'nulla
1131 1174 1373 1233 contingere.
1431 1175 1631 1220 Utrumne

405 1251 543 1293 malles
567 1251 804 1306 degenerem
830 1250 1028 1307 aliquem,
1065 1259 1108 1292 et
1133 1265 1347 1294 numerum
1372 1259 1531 1293 tantum
1556 1266 1632 1293 no-

404 1341 578 1384 menque
605 1326 680 1369 filii
708 1326 962 1384 expleturum
987 1325 1195 1380 hahuisse,
1223 1341 1275 1368 an
1300 1334 1433 1370 tantae
1459 1326 1602 1370 indolis
1616 1359 1630 1381 ,

403 1411 577 1459 quantae
609 1411 701 1446 tuus
721 1401 832 1445 fuit?
892 1403 1047 1445 Iuvenis
1072 1403 1152 1445 cito
1174 1402 1375 1460 prudens,
1408 1404 1489 1445 cito
1514 1403 1605 1459 pius
1618 1434 1631 1456 ,

403 1480 484 1522 cito
530 1480 719 1534 maritus,
766 1479 846 1522 cito
877 1486 1013 1536 pater,
1056 1480 1137 1522 cito
1172 1479 1300 1522 omnis
1341 1480 1461 1522 officii
1500 1480 1633 1522 curio-

405 1571 472 1598 sus
485 1587 498 1609 ,
532 1556 613 1597 cito
655 1554 856 1597 sacerdos:
898 1555 1032 1596 omnia
1065 1562 1150 1596 tam
1182 1569 1364 1612 propera.
1437 1554 1479 1597 4.
1523 1554 1633 1598 Nulli

408 1630 490 1672 fere
515 1639 558 1672 et
582 1644 725 1685 magna
747 1630 874 1682 bona,
896 1636 939 1670 et
960 1629 1151 1670 diuturna
1173 1630 1428 1685 contingunt:
1457 1644 1538 1671 non
1555 1630 1635 1671 du-

408 1712 493 1759 rat,
520 1718 596 1747 nec
620 1705 672 1746 ad
698 1704 886 1747 ultimum
909 1704 1012 1758 exit,
1044 1704 1120 1747 nisi
1143 1704 1251 1746 lenta
1276 1704 1453 1748 felicitas.
1491 1705 1634 1748 Filium

408 1782 480 1824 tibi
515 1776 571 1823 dii
601 1780 841 1822 immortales
868 1794 949 1822 non
975 1780 1047 1822 diu
1069 1780 1228 1835 daturi,
1255 1782 1392 1824 statim
1416 1781 1538 1824 talem
1566 1782 1634 1824 de-

444 1924 638 1959 Numerum
650 1930 787 1960 tantum
797 1935 1002 1971 nomenque.
1044 1921 1142 1958 dicat
1161 1922 1257 1958 hanc
1281 1922 1475 1959 lectionem
1497 1923 1635 1974 Gronoe

411 1986 501 2022 Cum
532 1986 775 2022 contemtione
806 1984 853 2021 de
886 1984 938 2020 Cl.
971 1984 1003 2021 1.
1043 1984 1123 2020 vius
1142 1989 1268 2021 eontra
1285 1985 1463 2032 Lipsium‚
1480 1986 1542 2020 cui
1561 1998 1636 2022 non

410 2047 495 2094 Cap.
513 2047 554 2083 V.
581 2047 606 2095 §
627 2047 662 2083 6.
699 2047 855 2083 Deorum
883 2047 1004 2093 itaque
1041 2045 1180 2092 placuit
1217 2057 1317 2081 omne
1355 2045 1512 2092 officium
1523 2059 1540 2089 ;
1574 2046 1637 2082 sed

413 2110 487 2144 sihi
514 2110 671 2144 animum
702 2120 858 2144 asserens
891 2108 1005 2143 Prin-
1042 2119 1117 2142 non
1137 2106 1260 2142 locum
1278 2119 1323 2143 ex
1344 2107 1424 2155 ipso
1439 2107 1573 2143 Seneca
1587 2112 1637 2143 at·
1681 2111 1685 2115 ⁴

413 2183 493 2219 ceps
504 2198 515 2216 ,
545 2170 635 2206 alios
666 2182 709 2206 esc
739 2169 879 2205 civibus
908 2170 1003 2215 suis,
1042 2167 1126 2204 tulit
1134 2168 1349 2215 Gronovius,
1360 2181 1434 2217 quo
1444 2169 1526 2205 satis
1535 2181 1637 2206 suam

412 2234 500 2281 quia
526 2234 631 2268 utiles
651 2233 803 2279 bonique
823 2237 926 2275 eunt,
957 2231 1005 2265 h·-
1042 2230 1216 2266 stabiliret
1247 2220 1466 2278 opinionem.
1508 2230 1636 2278 Itaque

412 2295 497 2330 bem
528 2294 663 2339 videat,
698 2293 789 2329 alios
818 2293 860 2327 in
880 2303 1004 2327 nume-
1042 2291 1152 2328 affero
1174 2304 1219 2328 ex
1240 2292 1305 2339 Ep.
1326 2291 1450 2328 XCIII.
1471 2291 1498 2341 ς
1516 2291 1553 2329 3.
1583 2294 1636 2330 Ae

410 2369 491 2393 rum
520 2356 716 2403 relinquat:
746 2355 913 2404 quosdam
932 2368 1003 2391 esse
1041 2355 1103 2390 ille
1133 2355 1230 2391 obiit.
1254 2354 1403 2390 viridis.-
1434 2354 1495 2390 sed
1515 2354 1635 2403 officia

404 2419 574 2469 gaudeat.
1043 2417 1129 2452 lumi
1150 2417 1265 2461 civis,
1295 2415 1380 2451 hom·
1397 2417 1524 2464 antici,
1549 2417 1635 2454 boui

460 2480 584 2516 Omnis
602 2478 715 2525 officii
732 2480 902 2516 curiosus.
920 2478 1000 2515 Vin·
1033 2480 1114 2527 filii
1137 2484 1321 2516 essecutus
1345 2485 1406 2513 est.
