1848 3122
982 291 1036 332 56

404 424 554 467 homini
567 457 580 479 ,
619 427 687 482 qui
724 426 838 467 adest
864 424 990 467 dolori
1014 440 1112 480 suo,
1151 441 1225 469 nec
1250 435 1407 470 tantum
1424 435 1618 485 quantum
1687 461 1701 473 .

422 505 547 557 entit,
587 501 658 544 sed
694 508 893 557 quantum
930 503 1160 556 constituit,
1200 502 1383 546 afficitur.
1443 504 1500 547 Ut
1523 503 1621 546 scias

403 587 535 621 autem
557 591 635 620 non
655 591 741 620 esse
762 577 840 621 hoo
858 579 1061 634 naturale,
1081 577 1256 621 luctibus
1275 577 1424 635 fiangi,
1447 580 1620 638 primum

403 655 525 709 magis
546 653 711 697 feminas
735 670 858 711 quam
879 658 1003 710 viros,
1033 656 1154 710 magis
1183 654 1372 696 barbaros
1389 669 1513 710 quam
1534 656 1622 712 pla-7

402 729 511 772 eidos
530 729 789 788 eruditaeque
803 732 931 788 gentis
947 730 1125 773 homines
1135 762 1148 785 ,
1165 730 1290 788 magis
1304 728 1483 773 indoctos
1499 745 1623 787 quam

401 807 562 859 doctos,
605 790 745 848 eadem
782 808 929 850 orbitas
960 807 1157 850 vulnerat.
1224 807 1348 864 Atqui
1373 820 1443 860 ea,
1470 819 1575 862 quae
1589 797 1624 846 >a

402 889 541 924 natura
575 883 659 924 vim
684 890 946 940 acceperunt,
984 882 1152 926 eandem
1179 884 1222 925 in
1243 883 1428 926 omnibus
1451 889 1622 925 servant.

406 957 447 999 3.
479 959 657 1015 Apparet
679 973 759 1001 non
780 973 865 1002 esse
889 959 1092 1013 naturale,
1114 959 1225 1017 quod
1247 960 1400 1002 varium
1418 967 1491 1001 est.
1521 959 1626 1015 Ignis

404 1049 541 1079 omnes
563 1043 729 1091 aetates,
751 1037 930 1080 omnium
954 1036 1114 1080 urbium
1135 1039 1261 1092 cives,
1285 1045 1364 1080 tam
1383 1037 1485 1079 viros
1506 1050 1626 1093 quam

400 1110 562 1153 feminas
576 1142 587 1163 ‚
617 1118 728 1154 uret:
757 1111 906 1154 ferrum
939 1114 981 1154 in
1007 1114 1115 1155 omni
1141 1127 1306 1169 corpore
1333 1111 1539 1155 exhibebit
1562 1125 1625 1154 se-

401 1187 518 1229 candi
557 1189 789 1245 potentiam.
848 1187 1015 1241 Quare?
1054 1190 1149 1246 quia
1185 1189 1287 1232 viroe
1325 1187 1383 1230 illi
1422 1203 1446 1230 a
1483 1195 1623 1230 natura

401 1262 517 1305 datae
554 1270 673 1317 sunt,
703 1277 807 1320 quae
832 1263 932 1306 nihil
963 1264 1004 1305 in
1026 1277 1237 1321 personam
1260 1264 1478 1307 constituit.
1520 1263 1625 1305 Pau-

400 1346 620 1395 pertatem,
663 1339 820 1382 luctum
835 1371 847 1392 ‚
890 1339 1146 1382 ambitionem
1186 1339 1287 1383 alius
1324 1339 1438 1382 aliter
1476 1339 1623 1390 sentit,

449 1500 561 1537 Adest
598 1502 713 1537 dolori
748 1513 824 1538 suo.
884 1501 996 1537 Unice
1036 1505 1192 1537 »xerunt
1209 1501 1401 1537 abitionem
1416 1512 1483 1548 pro
1495 1504 1628 1545 morte,

401 1561 591 1598 retinenda
618 1562 815 1609 Ruhkopffi
836 1562 997 1609 explica-
1036 1561 1160 1609 »quod
1170 1562 1295 1598 multis
1307 1562 1482 1609 persuasit
1491 1562 1630 1608 Festus„

405 1624 473 1659 tio:
486 1624 546 1659 »ei
554 1624 902 1670 incubatmpinione
912 1623 999 1670 plu-
1037 1626 1105 1658 »ut
1133 1622 1232 1658 abire
1257 1634 1342 1658 sane
1371 1622 1543 1659 dixerunt
1563 1634 1629 1670 pro

404 1685 541 1720 rimmu
558 1684 752 1733 adjiciente
762 1689 800 1720 et
809 1685 999 1732 augente.’'
1038 1684 1155 1718 »mori
1160 1711 1172 1729 ,
1202 1687 1322 1719 tamen
1343 1684 1393 1720 sic
1413 1688 1451 1720 et
1470 1683 1533 1724 tali
1549 1683 1630 1720 loco

406 1746 488 1793 Ipse
502 1747 602 1782 enim
618 1747 752 1782 Seneca
767 1747 836 1782 hoc
848 1747 999 1782 verbnm
1037 1757 1137 1781 »non
1153 1745 1339 1781 dixerunt.
1363 1746 1549 1793 Quidquid
1567 1746 1630 1791 sit,

405 1807 456 1842 sic
473 1807 646 1854 explicat:
661 1807 760 1843 Cous.
779 1807 825 1842 ad
836 1808 997 1843 Helviam
1037 1811 1220 1843 »veterem
1248 1806 1441 1843 lectionem
1468 1807 1629 1842 ambitio-

404 1868 489 1916 Cap.
510 1869 558 1905 II.
577 1869 603 1918 §
627 1870 659 1905 1.
695 1870 799 1906 odero
813 1871 920 1917 prim
938 1870 998 1905 illi
1036 1881 1140 1904 »nem
1161 1870 1302 1904 teneo.”
1327 1869 1400 1915 Ego
1410 1873 1534 1904 contra
1545 1868 1630 1904 alte-

400 1930 546 1980 (dolori)
565 1938 600 1967 et
616 1932 745 1979 quihus
762 1933 996 1968 exciteturin·
1036 1941 1120 1965 rum
1137 1929 1234 1964 illud
1250 1929 1442 1964 abitionem
1457 1939 1630 1975 reponen-

399 2005 533 2042 geram.
1037 1991 1127 2028 dum
1149 1995 1249 2039 puto.
1279 1990 1503 2027 Vocabulum
1521 1989 1630 2026 ambi-

456 2056 707 2092 Ambitionem.
733 2055 832 2091 Hanc
841 2056 1000 2103 reposuit
1036 2055 1170 2089 tionem
1187 2055 1281 2089 hanc
1303 2051 1551 2088 difficultatem
1569 2051 1632 2086 ha·

405 2115 598 2152 lectionem
625 2116 826 2153 Gronovius
852 2129 898 2152 ex
922 2116 998 2154 Mss.
1036 2115 1125 2150 bere
1146 2114 1239 2150 mihi
1261 2114 1429 2160 videtur,
1453 2111 1553 2161 quod
1569 2111 1632 2148 ali·

408 2177 635 2225 quibusdam.
661 2179 705 2215 In
724 2179 888 2215 Pinciani
897 2180 999 2215 libris
1037 2177 1120 2225 quis
1129 2189 1200 2213 non
1213 2177 1287 2213 dici
1296 2180 1428 2225 potest,
1439 2180 1480 2211 ut
1491 2174 1631 2222 depau-

405 2239 547 2286 scriptis
561 2241 747 2287 legebatur
765 2242 997 2286 orhaffonem,
1034 2246 1174 2288 penate
1195 2243 1232 2275 et
1251 2239 1349 2275 luctu
1354 2265 1366 2283 ,
1388 2238 1438 2272 ita
1459 2235 1506 2271 de
1522 2235 1632 2271 ambi-

407 2300 506 2337 unde
535 2302 700 2338 certatim
721 2303 911 2348 Gruterus,
937 2302 999 2338 Ju-
1039 2304 1134 2339 tione
1144 2305 1415 2350 praesumtums
1433 2297 1631 2334 terribilem

403 2367 524 2408 retus,
579 2363 739 2411 Lipsius,
795 2364 997 2401 abitionem.
1038 2377 1113 2402 esse
1135 2363 1354 2413 opinionem.
1408 2358 1630 2396 Vocabulum

405 2424 534 2470 »Quod
562 2425 715 2473 probare
738 2438 813 2462 non
833 2437 974 2473 possum
988 2455 998 2472 ‚
1039 2428 1234 2464 abitionem
1243 2428 1367 2460 autem
1377 2421 1630 2469 explicandum

404 2487 453 2520 ait
472 2486 685 2523 Gronovius.
712 2487 769 2523 »Si
786 2492 922 2524 veteres
939 2488 997 2523 di·
1039 2494 1127 2536 puto
1147 2499 1213 2535 per
1223 2484 1400 2522 exsilium.
1425 2483 1630 2532 Philosophi
