1848 3122
1025 305 1050 344 4

452 445 491 474 et
521 433 718 483 Pinciani,
746 442 785 472 et
812 446 912 487 quae
938 443 1091 473 secutae
1115 443 1231 475 sunt:
1261 432 1401 487 Lipsii,
1430 430 1613 474 Gronovii

450 515 488 544 et
526 503 759 557 Ruhkopfii,
788 502 961 542 subsidio
988 503 1086 543 mihi
1112 503 1188 543 fuit
1213 502 1312 543 liber
1340 504 1412 559 qui
1437 503 1614 544 inscribi-

449 587 515 615 tur
531 577 695 615 Senecae
715 574 860 625 Philos.
878 585 915 614 et
932 575 984 614 M.
1003 575 1148 614 Annaei
1160 575 1322 614 Senecae
1337 576 1453 615 Rhet.
1471 590 1610 630 opera,

448 646 649 686 emendata
684 662 705 685 a
743 647 946 686 Vincentio
987 645 1102 685 Pallio
1139 645 1243 693 Paris
1279 648 1407 697 15803
1445 645 1614 686 multum

450 729 604 758 notatus
632 719 680 758 ab
710 718 748 758 J.
783 718 1028 769 casaubono,
1063 732 1163 772 quae
1190 716 1306 757 editio
1333 727 1456 757 exstat
1483 718 1527 758 in
1551 718 1625 772 ,Bi‘

446 789 641 829 bliotheca
668 789 860 839 Leidensi‚
888 800 926 829 et
954 804 1109 829 mecum
1135 805 1156 828 a
1181 804 1218 830 v.
1248 784 1283 829 c}
1310 789 1347 830 J.
1376 787 1506 828 Geelio
1533 774 1608 828 be-

446 861 580 901 nevole
615 872 672 901 est
709 861 1009 901 communicata.
1072 861 1304 900 Paucissima
1331 858 1516 915 quidem,
1543 858 1611 898 sed

445 933 605 972 minime
626 932 840 972 omittenda
860 932 1106 972 tamen-huic
1129 931 1254 971 debeo
1272 930 1448 971 editioni.
1483 930 1609 982 Hujus

448 1003 707 1044 bibliothecae
732 1003 937 1054 codicum,
966 1004 1112 1058 quibus
1136 1003 1300 1044 Senecae
1323 1017 1440 1058 opera
1465 1002 1609 1056 partim

449 1076 728 1127 continentur,
755 1074 887 1115 nullus
912 1086 988 1127 est,
1017 1075 1060 1114 in
1086 1089 1167 1129 quo
1189 1075 1284 1115 haec
1311 1073 1518 1116 consolatio
1539 1074 1605 1113 in-

437 1147 607 1187 venitur.

497 1216 690 1257 Codicum
733 1226 862 1255 autem
904 1214 1085 1255 nondum
1128 1215 1394 1255 consultorum
1433 1214 1607 1270 inopiam

443 1287 622 1342 pensavit
645 1285 887 1340 aliquatenus
912 1286 1037 1339 Lipsii
1059 1285 1272 1336 editi03⁶in
1298 1301 1417 1341 quam
1436 1285 1610 1339 complu·

445 1358 552 1397 rium
592 1355 773 1397 codicum
811 1355 1014 1407 lectiones,
1052 1370 1193 1410 easque
1227 1371 1307 1397 non
1346 1370 1522 1411 semper,
1563 1366 1608 1395 ut

445 1428 545 1468 mihi
568 1427 746 1476 videtur,
773 1437 952 1466 accurate
973 1427 1062 1465 satis
1083 1441 1317 1481 perpensas,
1344 1427 1491 1477 attulit,
1519 1426 1607 1466 alias

439 1509 568 1539 autem
594 1496 773 1549 neglexit.

497 1570 618 1608 Porro
658 1567 944 1606 emendationes
975 1568 1019 1604 in
1049 1568 1152 1607 varia
1183 1568 1304 1618 hujus
1338 1567 1608 1607 consolationis

442 1638 528 1680 loca
559 1638 801 1694 propositas,
837 1647 879 1677 et
914 1637 957 1676 in
990 1635 1172 1692 plurimis
1207 1647 1380 1678 veterum
1405 1648 1608 1679 auctorum

443 1710 783 1765 praestantissimis
809 1708 1045 1747 editionibus
1072 1708 1262 1763 dispersas
1291 1708 1491 1760 diligenter
1519 1725 1608 1750 con-

447 1781 603 1837 quisivi.
656 1779 792 1836 Neque
821 1780 929 1819 omni
951 1779 1087 1820 fructu
1112 1779 1179 1820 hic
1205 1780 1330 1820 caruit
1351 1779 1485 1833 labor3
1514 1796 1604 1823 nam

443 1852 657 1906 praeclaras
685 1850 896 1905 quasdam,
923 1852 997 1891 etsi
1022 1852 1292 1905 paucissimas,
1320 1852 1604 1893 emendationes

443 1924 500 1964 sic
539 1923 785 1974 investigavi3
828 1937 997 1978 quarum
1033 1922 1140 1963 nulla
1175 1921 1308 1964 adhuc
1349 1923 1393 1963 in
1440 1924 1606 1966 Senecae

443 1994 678 2034 editionibus
715 1994 811 2032 ratio
850 1993 982 2034 habita
1020 2005 1098 2044 est,
1135 1995 1310 2049 quamvis
1344 1995 1515 2045 vulgatae
1540 1996 1602 2034 le-

445 2065 564 2104 ctioni
578 2064 691 2115 longe
702 2074 897 2119 praestare
912 2064 1010 2104 mihi
1023 2064 1268 2105 videbantur.
1323 2064 1457 2105 Plures
1476 2076 1604 2106 tamen

443 2149 524 2175 non
565 2134 826 2176 admittendae
863 2136 964 2176 visae
989 2146 1093 2175 sunt.
1148 2135 1247 2187 Quas
1272 2146 1403 2176 tamen
1427 2135 1603 2176 refellere

441 2222 559 2262 quam
584 2207 746 2248 reticere
771 2209 972 2263 antiquius
993 2208 1136 2259 habui,
1164 2222 1213 2248 ne
1231 2208 1426 2249 socordiae
1444 2207 1602 2263 culpam

438 2276 727 2329 contraherem,
756 2276 864 2332 quod
894 2292 953 2317 eas
986 2292 1067 2318 non
1093 2277 1286 2330 legissem3
1315 2289 1382 2318 aut
1412 2292 1599 2331 arrogan-

435 2349 531 2398 tiae,
560 2347 670 2402 quod
695 2363 755 2388 eas
781 2363 866 2389 meo
886 2350 1047 2390 arbitrio
1069 2351 1288 2403 rejecissem
1296 2367 1309 2401 3
1339 2360 1405 2390 aut
1429 2351 1596 2401 ignaviae

431 2433 659 2468 accusarer,
687 2420 758 2473 qui
775 2433 835 2459 eas
852 2418 976 2461 refelli
995 2436 1105 2476 posse
1122 2421 1330 2477 desperans
1342 2453 1354 2474 ,
1372 2433 1595 2474 argumenta

426 2506 508 2532 mea
536 2491 791 2531 retinuissem.
