1848 3122
1009 313 1066 356 40

431 448 533 491 nitas
568 447 689 491 facilis
721 454 806 507 est,
835 447 934 491 dum
956 461 979 488 a
1002 449 1194 505 sanguine
1213 451 1385 493 recentia
1405 457 1520 493 sunt:
1550 456 1645 496 tunc
1672 466 1674 469 ’

432 531 474 565 et
499 530 670 566 uruntur
683 553 696 574 ,
725 530 768 564 et
794 524 838 565 in
861 524 989 566 altum
1014 532 1248 567 revocantur
1263 555 1276 577 ‚
1304 533 1346 567 et
1371 525 1515 581 digitos
1539 540 1650 568 scru-

434 598 604 641 tantium
627 597 841 655 recipiunt.

432 680 611 715 terarunt
623 705 636 727 ,
666 673 868 718 difficilius
899 683 1099 718 curantur.

909 598 991 642 Ubi
1015 606 1200 657 corrupta
1223 599 1428 643 inmalum
1450 601 1565 645 ulcus
1583 614 1652 644 ve-

1159 675 1247 717 Non
1268 689 1432 732 possum
1453 690 1562 720 nunc
1581 690 1654 734 per

432 748 669 806 obsequium
681 781 694 803 ,
722 763 797 793 nec
816 750 991 793 molliter
1009 750 1164 807 assequi
1183 758 1267 793 tam
1285 750 1432 794 durum
1454 749 1652 794 dolorem:

430 823 673 881 frangendus
700 833 773 868 est.

432 925 512 950 cam
527 919 601 951 tam
617 915 724 952 stulta
741 927 915 963 umquam
923 926 1024 963 prae-

432 976 566 1022 cepisse
580 981 681 1023 puto.
716 977 764 1013 At
772 977 959 1025 complura
967 977 1024 1013 Se·

430 1048 543 1073 necae
576 1037 657 1073 loca
691 1038 846 1085 probant
878 1050 1025 1086 quoque

429 1109 516 1133 eum
537 1099 666 1135 acerba
685 1099 749 1135 illa
767 1099 930 1135 remedia
949 1112 1024 1135 non

427 1160 497 1195 nisi
506 1160 546 1195 in
556 1161 781 1207 gravioribus
794 1161 1023 1196 inveteratis-

426 1233 500 1268 que
509 1222 643 1258 morbis
652 1221 859 1258 adhibenda
866 1227 1020 1269 putasse.

428 1282 480 1317 De
500 1283 558 1318 Ira
579 1283 610 1320 1.
629 1283 750 1330 cap.v
770 1283 796 1332 §
818 1285 854 1319 5.
889 1283 1023 1331 Nempe

428 1344 585 1380 medicus
594 1346 713 1392 pm'mo
723 1345 764 1379 in
775 1345 909 1380 levibus
919 1337 1023 1380 vitiis

427 1412 539 1440 tentat
558 1418 629 1440 non
647 1406 794 1441 multum
809 1419 853 1441 ex
863 1407 1022 1453 quotidi-

427 1478 499 1502 ana
510 1466 760 1503 consuetudine
773 1467 968 1516 inflectere,
987 1473 1021 1502 et

426 1529 538 1575 cibis,
557 1530 779 1576 potionibus,
794 1530 1020 1565 exercitatio-

426 1591 534 1625 nibus
546 1591 702 1625 ordinem
705 1603 836 1637 ponere
842 1617 853 1634 ,
865 1603 907 1625 ac
924 1591 1022 1625 vale-

429 1650 589 1701 tudinem
615 1657 751 1686 tantum
772 1657 907 1687 mutata
928 1651 1023 1686 vitae

429 1711 661 1759 dispositione
686 1712 831 1759 firmare
845 1727 858 1747 .-
893 1713 1022 1760 prosci-

429 1786 526 1809 mum
542 1780 594 1810 est
609 1780 649 1809 ut
666 1772 978 1822 modusproficiat:
988 1774 1024 1809 εἰ

429 1836 552 1871 modus
585 1842 620 1870 et
649 1836 731 1871 ordo
762 1848 834 1870 non
859 1836 1022 1883 proficit,

429 1897 594 1932 subducit
619 1897 760 1944 aliqua,
782 1904 816 1932 et
838 1897 1022 1933 circumci-

431 1958 487 1993 dit
494 1973 506 1993 :
517 1959 552 1993 si
560 1971 603 1993 ne
613 1959 727 1994 adhuc
737 1959 877 2005 quidem
886 1971 1022 2006 respon-

434 2018 509 2064 det,
528 2020 712 2055 interdicit
731 2019 840 2062 cibis,
864 2026 898 2054 et
917 2020 1023 2055 absti-

433 2080 556 2115 nentia
574 2092 697 2128 corpus
707 2088 889 2116 exonerat:
904 2081 1022 2129 sifru-

435 2147 509 2176 stra
531 2142 690 2176 molliora
715 2149 908 2186 cesseram,
929 2144 1025 2190 serit

435 2214 560 2238 venam
567 2230 578 2248 ‚
594 2203 823 2251 membrisque
831 2231 840 2249 ‚
851 2203 886 2239 si
896 2203 1025 2239 αάΙιαε-

434 2266 552 2300 rentia
570 2272 709 2310 nocent,
729 2272 764 2301 et
777 2266 934 2301 morbum
950 2266 1023 2312 ἀξί-

424 2326 610 2375 fundunt,
632 2338 756 2361 manus
774 2327 889 2375 affert.
922 2325 1021 2362 Conf.

432 2378 642 2425 damnvm.
655 2388 724 2424 111.
742 2387 767 2436 ς
777 2388 813 2424 2.
836 2388 899 2435 Ep.
909 2388 1024 2423 Lxxv

433 2450 458 2499 §
469 2451 505 2486 5.
533 2449 603 2484 Sed
620 2449 650 2484 si
664 2449 785 2484 locum
800 2449 894 2484 bene
911 2450 1022 2484 consi·

432 2512 613 2558 deremus,
650 2517 732 2550 ante
763 2520 846 2550 tunc
881 2512 1020 2562 aliquid

1062 915 1184 952 deesse
1204 916 1362 953 videtur.
1396 914 1512 952 Verba
1526 922 1610 951 tuno
1622 919 1658 949 et

1062 983 1216 1013 uruntur
1229 989 1307 1025 sqq.
1329 976 1491 1025 apodosis
1503 975 1594 1011 mihi
1603 976 1655 1011 vi·

1063 1036 1171 1073 detur
1182 1038 1330 1074 alterius
1340 1038 1537 1074 sententiae
1546 1037 1657 1085 partis

1062 1099 1229 1135 similiter
1249 1111 1308 1136 ao:
1334 1100 1417 1136 dum
1438 1113 1461 1136 a
1479 1100 1653 1149 sanguine

1060 1161 1215 1195 recentia
1230 1167 1312 1196 sunt
1322 1160 1484 1207 apodosis
1497 1165 1573 1196 erat
1582 1160 1653 1207 pri-

1060 1219 1132 1256 oris
1147 1221 1270 1268 partis.
1299 1222 1428 1269 ltaque
1438 1221 1654 1268 transpositis

1059 1282 1181 1317 verbis
1201 1281 1398 1329 legendum
1418 1287 1525 1329 puto:
1559 1282 1654 1318 Nam

1061 1343 1243 1379 vulnerum
1274 1355 1410 1390 quoque
1434 1343 1571 1378 sanitas
1588 1343 1653 1391 fa·

1060 1405 1144 1440 cilis
1153 1411 1221 1449 eet,
1232 1405 1315 1439 dum
1325 1417 1347 1439 a
1356 1405 1531 1452 sanguine
1537 1416 1651 1440 recen·

1059 1465 1113 1501 tio
1131 1471 1215 1500 sunt
1231 1471 1266 1500 ot
1278 1465 1409 1513 digitos
1418 1466 1653 1500 scrutantium

1058 1528 1253 1576 recipiunt:
1268 1527 1333 1563 ubi
1349 1533 1511 1575 corrupta
1525 1528 1567 1562 in
1576 1540 1653 1563 ma-

1061 1588 1134 1622 lum
1152 1588 1254 1622 ulcus
1276 1594 1496 1631 veterarum,
1520 1587 1655 1634 diffici-

1064 1648 1135 1684 lius
1155 1654 1334 1694 curantur,
1351 1655 1435 1685 tunc
1445 1655 1479 1685 et
1486 1656 1654 1694 uruntur,

1063 1716 1098 1745 et
1115 1710 1158 1744 in
1179 1709 1522 1747 altum‘revocantur.
1548 1711 1655 1747 Simi-

1061 1770 1136 1806 lem
1157 1770 1405 1807 confusionem
1425 1771 1465 1807 in
1481 1771 1554 1809 Cic.
1572 1773 1654 1809 Tus.

1061 1832 1091 1867 V
1107 1832 1133 1881 §
1149 1832 1198 1869 79
1213 1832 1335 1869 locum
1352 1833 1487 1869 habere
1501 1846 1566 1870 nos
1580 1847 1654 1870 mo-

1060 1894 1144 1929 nuit
1165 1894 1205 1929 in
1221 1894 1436 1930 lectionibus
1453 1895 1525 1931 suis
1539 1896 1595 1931 vir
1604 1896 1653 1932 cl.

1061 1956 1158 1991 Bake
1165 1984 1176 2002 ,
1186 1968 1307 2003 quam,
1318 1956 1429 1992 semel
1440 1955 1653 2002 admonitus,

1059 2017 1168 2053 facile
1188 2017 1321 2065 aliquis
1338 2016 1509 2064 reperiet.

1111 2079 1278 2127 Aseequi.
1327 2079 1372 2114 In
1390 2079 1459 2115 hac
1474 2090 1563 2114 voce
1573 2077 1654 2114 hae-

1062 2146 1187 2176 serunt
1196 2141 1335 2189 Lipsius
1349 2145 1386 2176 et
1397 2140 1438 2177 D.
1450 2139 1653 2176 W.Triller.

1063 2201 1133 2238 Ille
1161 2214 1236 2239 non
1264 2202 1432 2239 adhibuit
1455 2201 1632 2238 medelam
1643 2231 1653 2249 ,

1063 2264 1191 2300 Triller
1206 2266 1393 2312 proponit,
1414 2276 1481 2311 pro
1496 2267 1652 2312 assequi,

1062 2327 1222 2375 offredi,
1247 2332 1429 2363 attrectare
1440 2352 1449 2369 ,
1462 2328 1631 2374 prosequi
1634 2341 1651 2372 ;

1061 2389 1161 2436 prius
1168 2394 1288 2425 tamen
1293 2387 1458 2435 praefert:
1464 2388 1653 2435 repudiato

1061 2450 1236 2486 vocabulo
1256 2449 1413 2495 assequi,
1432 2449 1529 2496 quod
1543 2450 1651 2485 nimis

1060 2513 1233 2560 languere
1241 2515 1357 2560 putat.
1375 2510 1430 2549 Ab
1437 2524 1480 2550 eo
1489 2512 1650 2552 dissentit
