1848 3122
965 305 1007 343 12

394 433 498 473 unde
532 445 621 487 erqo
656 439 768 471 tanta
800 433 916 472 nohis
943 427 1179 486 pertinacia
1197 437 1244 475 in
1271 438 1557 491 deploratione,

394 506 436 543 ei
449 505 496 544 id
509 519 588 544 non
600 507 649 558 fit
663 506 995 557 naturaejueeu?
1021 505 1135 561 (Gap.
1151 506 1250 561 IX.).
1291 509 1418 550 Prima
1436 510 1557 564 hujus

392 576 451 614 rei
471 584 605 625 causa,
633 589 754 630 quam
776 587 907 616 noster
930 576 1065 629 affert,
1092 587 1171 617 est:
1202 580 1309 631 quod
1323 582 1429 620 nihil
1443 583 1558 621 nohis

391 647 516 693 mali,
542 654 758 700 antequam
786 647 961 700 eveniat,
983 649 1269 702 proponimus,
1295 651 1385 703 ud,
1411 661 1457 692 ut
1478 655 1557 693 im-

391 730 530 756 munes
557 718 642 770 ipsi
667 726 704 756 et
732 719 849 758 aliud
863 721 1057 773 pacatius
1084 721 1262 773 inqreen‘
1286 722 1384 772 iter,
1411 724 1556 763 alionis

388 801 470 827 non
497 788 759 828 admonemur
786 789 971 836 casibus,
997 790 1091 828 illos
1120 804 1205 830 ene
1234 805 1473 832 communae.

443 858 556 910 Quod
573 874 620 900 ex
638 859 924 915 comparatione
938 860 1117 900 fortunae
1133 875 1226 901 cum
1241 861 1352 902 hoste
1366 863 1408 901 in
1423 877 1555 904 omnes

388 931 462 972 tela
476 932 712 973 immittente
725 931 911 985 illustrat,
936 931 1076 973 deinde
1094 932 1206 988 (Cap.
1225 933 1276 988 X)
1293 949 1340 975 ex
1355 934 1557 988 fragilitate

389 1018 547 1055 eorum,
585 1019 686 1059 quae
729 1005 839 1052 circa,
873 1018 944 1044 nos
984 1018 1033 1044 ex
1064 1003 1277 1045 adventitio
1307 1005 1481 1058 fulgent,
1518 1018 1557 1047 et

389 1078 485 1131 cap.
502 1076 556 1116 XI
580 1091 627 1116 ex
646 1075 911 1117 imbecillitate
935 1077 1111 1131 corporis
1127 1076 1302 1118 humani.
1356 1078 1461 1129 Quae
1477 1093 1556 1120 om-

386 1148 475 1198 nia,
502 1158 549 1187 ut
573 1147 673 1187 ratio
700 1147 921 1198 flagitabat,
947 1146 1115 1187 illustrat
1144 1149 1511 1202 comparationibus.

440 1220 506 1261 Sic
522 1220 668 1261 Seneca
680 1211 813 1267 luctus
829 1219 1083 1273 pertinaciam
1098 1219 1216 1271 abjici
1230 1234 1344 1274 posse
1358 1231 1397 1261 et
1413 1220 1556 1262 debere

385 1289 622 1347 persuadere
644 1300 804 1331 conatus
833 1300 891 1330 est
917 1290 1095 1330 Marciae.
1152 1290 1203 1331 Ut
1234 1305 1353 1346 porro
1374 1292 1410 1332 ei
1430 1304 1555 1333 osten-

386 1363 496 1404 deret
534 1361 632 1403 mala
671 1362 735 1402 illa
749 1393 761 1413 ‚
802 1363 948 1417 quibus
987 1363 1239 1417 premebatur
1252 1393 1264 1412 ,
1301 1378 1382 1403 non
1413 1365 1449 1404 ei
1482 1364 1553 1405 soli

384 1435 593 1485 accidisse,
619 1433 689 1473 sed
718 1447 797 1473 esse
826 1434 1070 1485 communia3
1100 1448 1264 1489 eamque
1288 1434 1406 1475 simul
1428 1434 1556 1477 admo-

382 1517 494 1547 neret
509 1517 555 1546 ut
570 1504 635 1544 illa
650 1505 726 1545 sibi
741 1504 900 1544 ferenda
917 1515 1088 1545 censeret
1099 1535 1111 1556 ,
1129 1520 1230 1560 quae
1247 1505 1394 1561 videret
1409 1506 1551 1548 multos

380 1576 635 1630 moderateet
658 1575 868 1631 tranquille
890 1575 1044 1627 tulisse3
1074 1576 1250 1631 exempla
1275 1591 1410 1617 eorum
1429 1593 1552 1633 porro

381 1650 547 1703 apponit
562 1679 573 1699 ,
602 1648 673 1702 qui
706 1649 902 1687 lenierunt
928 1661 1072 1700 aepera
1087 1647 1259 1698 ferendo
1281 1650 1449 1700 placide.

435 1720 546 1761 Prius
585 1730 715 1760 tamen
748 1718 956 1757 submonet
997 1715 1204 1768 Marciam,
1247 1716 1341 1773 cap.
1370 1718 1469 1769 XII,
1504 1730 1551 1760 ut

381 1794 522 1846 cogitet
539 1802 734 1848 quantum
749 1791 825 1830 sihi
840 1790 1010 1845 supersit
1020 1820 1032 1841 ‚
1054 1803 1184 1844 neque
1199 1803 1239 1828 se
1254 1804 1276 1829 a
1292 1788 1373 1829 Diis
1388 1789 1548 1831 electam

379 1880 461 1907 esse
486 1865 551 1907 cui
578 1864 659 1905 frui
686 1877 769 1903 non
795 1861 930 1903 liceret
958 1860 1053 1902 filio.
1105 1860 1190 1901 Hoc
1215 1875 1261 1901 eo
1287 1860 1447 1902 consilio
1469 1876 1549 1902 mo-

378 1939 508 1978 nuisse
524 1937 707 1978 Senecam
719 1946 819 1990 puto
829 1966 841 1986 ‚
858 1945 905 1975 ut
916 1934 1080 1974 Marciae
1096 1934 1269 1973 animum
1285 1933 1332 1973 ad
1345 1934 1547 1988 sequentia

377 2008 552 2064 exempla
573 2016 843 2064 praepararet,
870 2020 969 2061 quae
993 2015 1087 2045 sunt
1112 2004 1324 2056 insignium
1349 2005 1544 2056 virorum,

377 2083 451 2136 qui
474 2096 606 2121 revera
629 2079 754 2118 multo
773 2078 862 2132 plus
882 2079 1085 2118 amiserant
1101 2093 1221 2132 quam
1237 2077 1378 2118 Marcia
1390 2109 1403 2129 ‚
1431 2092 1544 2133 quae*

377 2167 458 2209 que
485 2151 574 2192 ideo
609 2149 824 2206 plurimum
856 2148 964 2205 apud
997 2159 1161 2189 matrem
1193 2147 1393 2189 dolentem
1422 2147 1544 2189 valere

377 2225 585 2265 debebant.
639 2224 707 2263 His
736 2221 977 2277 exponendis
1006 2232 1224 2275 occupatur
1250 2222 1416 2262 oratio-a
1446 2221 1541 2276 cap.

374 2296 461 2337 XII.
492 2323 539 2329 —
571 2294 665 2350 Cap.
699 2293 803 2334 XVI.
835 2293 969 2348 Capite
991 2292 1079 2333 XVI
1102 2292 1273 2348 denique
1298 2291 1437 2333 similia
1461 2306 1544 2332 mu-

375 2369 515 2408 lierum
539 2365 714 2421 exempla
742 2366 852 2405 affert
875 2365 1029 2406 Seneca.
1085 2364 1220 2421 Capite
1243 2364 1351 2404 XVII
1374 2365 1541 2419 probare

377 2450 542 2482 conatur
555 2438 737 2490 Marciae,
755 2437 825 2477 etsi
839 2436 930 2492 plus
947 2452 1065 2493 quam
1081 2437 1152 2477 hos
1169 2450 1303 2477 omnes
1319 2451 1359 2476 se
1374 2437 1539 2478 amisisse

377 2522 555 2567 putaret,
583 2509 727 2552 malum
763 2520 886 2551 tamen
914 2508 1012 2551 illud
1046 2508 1200 2564 placide
1230 2507 1434 2552 ferendum
1456 2524 1537 2551 esse
