1848 3122
972 303 1027 345 42

381 439 467 482 iore
489 438 658 493 damno,
678 451 759 480 non
783 445 917 481 tamen
936 436 1050 481 dedit
1071 438 1236 495 longum
1257 439 1299 482 in
1321 452 1364 482 se
1384 439 1497 482 malis
1520 439 1600 483 suis

381 515 628 568 dominium,
655 513 728 556 sed
749 515 830 558 cito
852 516 1029 557 animum
1055 517 1097 558 in
1119 516 1256 558 sedem
1275 530 1388 558 suam
1410 516 1601 573 reposuit.

382 591 543 635 Octavia
574 597 616 632 et
649 589 759 632 Livia
773 622 787 645 ‚
824 591 947 634 altera
969 606 1078 634 soror
1100 591 1296 646 Augusti,
1332 591 1455 634 altera
1474 607 1574 635 uxor
1589 623 1605 646 ,

380 667 595 710 amiserunt
621 665 725 709 filios
756 668 942 722 iuvenes,
971 676 1148 724 utraque·
1160 681 1232 725 spe
1260 665 1386 709 futuri
1411 661 1601 726 principis

379 744 488 787 certa
548 742 590 786 3.
634 743 795 786 Octavia
828 744 1061 787 Marcellum
1075 775 1088 799 ‚
1126 744 1192 787 cui
1226 751 1269 787 et
1304 744 1531 795 avunculus,
1559 754 1601 788 et

379 834 490 865 socer
524 820 755 863 incumbere
789 828 995 877 coeperat,
1025 821 1068 862 in
1097 835 1219 878 quem
1238 835 1336 863 onus
1357 821 1510 877 imperii
1536 834 1600 862 re-

380 897 551 952 clinare,
590 896 881 940 adolescentem
927 898 1057 940 animo
1095 897 1290 952 alacrem,
1333 898 1488 954 ingenio
1525 911 1600 954 po-

381 982 559 1027 tentem;
606 974 678 1017 sed
722 982 764 1017 et
799 973 1032 1030 frugalitatis
1076 971 1417 1031 continentiaeque
1450 975 1493 1015 iu
1525 973 1602 1015 illis

379 1058 452 1092 aut
490 1051 601 1092 annis
632 1058 703 1092 aut
740 1050 884 1106 opibus
916 1064 997 1091 non
1020 1049 1270 1092 mediocriter
1292 1035 1601 1101 admirandum3

377 1126 597 1183 patientem
629 1125 775 1168 laboris
789 1157 802 1179 ,
839 1126 1112 1182 voluptatibus
1148 1126 1346 1178 alienum3
1384 1134 1602 1182 quantum-

377 1215 537 1259 cunque
578 1202 781 1258 imponere
812 1201 871 1242 illi
901 1201 1121 1244 avunculus
1136 1233 1148 1256 ‚
1187 1209 1229 1246 et
1265 1201 1331 1260 (ut
1366 1203 1421 1244 ita
1449 1202 1599 1260 dicam)

379 1277 629 1320 inaedificare
664 1277 878 1331 voluisset,
916 1277 1106 1320 laturum.
1175 1278 1281 1321 Bene
1316 1280 1466 1335 legerat
1499 1279 1602 1322 nulli

376 1367 535 1397 cessura
559 1354 728 1411 ponderi
750 1353 1022 1396 fundamenta.
1082 1352 1124 1396 4.
1164 1346 1331 1398 Nullum
1356 1355 1501 1410 finem,
1531 1369 1603 1412 per

375 1469 424 1494 ne
446 1457 538 1506 quid
554 1456 835 1505 praeferendum
845 1457 889 1492 sit
904 1461 971 1493 sta·
1008 1455 1275 1493 consideremus
1286 1470 1359 1494 non
1367 1458 1602 1495 duhiumfore

375 1521 443 1557 tim
458 1520 657 1568 apparebit.
705 1518 819 1566 Affiei
836 1518 971 1555 dicitur
1008 1519 1117 1555 credo
1136 1519 1228 1567 quin
1251 1520 1398 1567 vulgata
1418 1520 1527 1557 lectio
1546 1533 1602 1557 re·

375 1588 451 1620 tam
481 1584 521 1618 in
549 1595 590 1618 re
616 1583 712 1619 bona
732 1594 843 1629 quam
862 1582 969 1617 mala.
1008 1581 1158 1617 tinenda
1177 1582 1234 1617 sit.
1292 1582 1383 1618 Nam
1402 1582 1504 1618 Livia
1522 1594 1600 1618 ver-

376 1646 565 1682 Afficimur
581 1645 736 1689 honore,
750 1655 878 1690 poena,
892 1642 971 1677 vul·
1010 1642 1153 1677 sabatur
1181 1641 1331 1689 quidem
1361 1643 1401 1678 in
1425 1655 1466 1679 re
1486 1644 1600 1689 tristi,

377 1720 479 1743 nere.
535 1707 580 1742 Et
607 1711 686 1742 tum
718 1705 854 1751 duplex
884 1704 972 1739 huic
1010 1702 1072 1738 sed
1094 1715 1136 1738 ea
1155 1715 1230 1738 non
1250 1702 1530 1750 deprimebatur.

377 1770 490 1806 verbo
500 1769 614 1803 inesse
623 1766 833 1814 significatio
843 1770 969 1813 potest.
1051 1765 1286 1813 Frugalitatis
1296 1767 1600 1813 continentiaeque

376 1832 434 1867 Sic
465 1837 559 1866 metu
587 1828 687 1875 affici
713 1827 888 1875 significat
907 1831 970 1863 aut
1010 1853 1020 1862 .
1034 1853 1064 1862 ..
1085 1827 1339 1862 admirandum.
1390 1827 1599 1875 Intelligen-

374 1891 599 1929 solummodo
618 1904 689 1927 esse
710 1891 752 1925 in
772 1897 881 1935 metu,
907 1893 970 1925 aut
1008 1887 1098 1923 dum
1115 1892 1166 1924 est
1182 1888 1398 1924 vocabulum
1416 1902 1540 1934 causa,
1557 1895 1600 1925 ut

374 1962 471 1990 metu
515 1955 639 1989 vexari
681 1964 798 1999 eoque
841 1952 967 2001 affliqi.
1007 1950 1062 1985 sit:
1074 1950 1308 1998 frugalitatis
1319 1957 1353 1985 et
1363 1952 1599 1987 continentiae

376 2014 482 2060 Quod
511 2014 681 2050 ultimum
705 2013 858 2049 verbum
879 2024 969 2048 sem·
1008 2024 1128 2048 causa.
1159 2011 1217 2047 Sic
1235 2011 1406 2059 Virgilius
1425 2011 1515 2048 Aen.
1531 2011 1580 2047 XI
1587 2040 1598 2058 ‚

374 2088 442 2124 per
461 2076 648 2122 significat:
662 2074 831 2110 decidere
841 2074 880 2108 in
890 2085 969 2109 rem
1010 2073 1095 2109 126:
1120 2073 1337 2108 Justitiaem
1350 2075 1457 2120 prius
1474 2074 1599 2127 mirer,

376 2136 526 2182 malam,
552 2148 666 2184 eaque
687 2135 772 2182 angi
794 2139 831 2170 et
846 2134 970 2182 depri-
1008 2134 1135 2170 belline
1156 2134 1323 2172 laborum.
1358 2134 1458 2172 Conf.
1480 2135 1597 2171 Sanct.

377 2199 443 2236 mi.
500 2198 587 2234 ldeo
618 2198 742 2233 Cicero
773 2197 864 2232 haee
896 2196 969 2232 duo
1007 2196 1091 2231 Min.
1107 2196 1183 2232 Lib.
1206 2196 1265 2233 IV.
1286 2196 1368 2244 Cap.
1387 2196 1445 2232 lv.
1464 2195 1596 2243 p.560.

376 2261 427 2297 sic
442 2261 581 2307 jungit,
600 2265 642 2296 ut
663 2259 836 2308 affligere,
854 2270 969 2305 quum
1054 2257 1152 2293 Bene
1170 2258 1298 2306 leqerat
1381 2257 1598 2306 fundamen-

375 2322 552 2369 majorem
581 2322 712 2357 habeat
742 2321 832 2364 vim,
855 2324 968 2367 poste·
1007 2325 1054 2356 ta.
1104 2319 1197 2355 Haec
1226 2319 1281 2355 nil
1311 2319 1381 2355 nisi
1402 2319 1598 2367 amplifica-

375 2385 452 2420 rius
462 2383 624 2427 collocet,
638 2382 720 2417 Orat
729 2381 968 2428 proQuinctio
1005 2381 1140 2417 tionem
1165 2382 1311 2417 inanem
1330 2380 1515 2416 continent
1535 2393 1596 2418 an·

376 2446 459 2494 Cap.
485 2445 536 2481 Π.
559 2443 844 2490 Difficultatibun
864 2444 962 2491 affec·
1004 2443 1260 2479 tecedentium.
1310 2442 1408 2486 Quae
1427 2443 1456 2477 si
1477 2443 1595 2488 tollas,

377 2515 433 2543 tus
464 2514 568 2554 atque
596 2506 762 2554 afflictus.
817 2504 919 2548 Quod
937 2505 966 2540 si
1004 2504 1168 2541 confusio
1191 2504 1254 2539 illa
1274 2503 1412 2550 ingrata
1432 2516 1594 2553 persona·
