1848 3122
814 327 869 369 37

216 459 291 510 ris,
328 456 385 498 ad
412 469 514 514 quos
546 456 676 503 veniet
706 457 935 516 incorrupta
971 461 1105 501 rerum
1130 456 1253 510 fides,
1282 459 1434 500 auctori

215 546 289 576 suo
315 545 459 587 magno
480 532 693 590 imputata:
721 533 870 590 optime
893 534 946 576 de
972 534 1079 590 ipso,
1107 534 1220 576 cuius
1245 533 1352 589 viget
1373 534 1428 574 vi-

214 608 404 665 gebitque
425 610 633 664 memoria,
662 609 857 667 quamdiu
878 609 998 652 fuerit
1018 609 1060 652 in
1078 612 1224 667 pretio,
1250 610 1428 652 Romana

215 685 421 740 cognosci3
445 686 638 742 quamdiu
660 686 872 743 quisquam
894 687 991 739 erit'‚
1014 688 1083 743 qui
1099 688 1241 728 reverti
1261 686 1357 727 velit
1375 685 1429 726 ad

213 768 301 804 acta
334 761 550 814 maiorum3
588 761 780 818 quamdiu
815 762 1048 820 quisquam,
1081 763 1152 819 qui
1183 761 1279 804 velit
1300 762 1426 815 scire,

213 838 313 893 quid
339 838 402 879 'sit
432 838 493 878 vir
526 838 727 880 Romanus
740 868 753 891 ‚
789 838 889 894 quid
915 838 1088 880 subactis
1110 838 1189 877 iam
1211 837 1429 878 cervicibus

213 913 416 966 omnium,
443 919 486 955 et
505 912 557 954 ad
579 913 830 956 Seianianum
853 914 992 968 iugum
1016 912 1189 963 adactis,
1213 911 1427 953 indomitus

214 988 267 1030 sit
286 984 436 1041 homo,
466 974 645 1044 ingenio,
675 989 806 1030 animo
819 1018 832 1041 ,
861 1002 984 1029 manu
1006 987 1121 1029 liber.
1180 985 1222 1027 4.
1243 986 1430 1042 Magnum

214 1063 440 1107 mehercule
469 1063 754 1108 detrimentum
788 1064 1015 1121 respublica
1046 1071 1227 1120 ceperat,
1256 1064 1291 1106 si
1316 1063 1431 1105 illum

214 1139 268 1182 oh
288 1139 387 1182 duas
408 1148 541 1197 partes
560 1140 909 1197 pulcherrimasin
927 1140 1163 1183 oblivionem
1185 1139 1430 1190 coniectum,

213 1215 481 1272 eloquentiam
519 1224 560 1258 et
599 1216 847 1270 libertatem,
890 1230 970 1259 non
1005 1217 1184 1259 eruisses.
1243 1216 1406 1270 Legitur
1421 1246 1433 1267 ,

215 1290 356 1344 floret,
386 1291 429 1331 in
450 1305 590 1333 manus
616 1291 822 1333 hominum
835 1321 849 1345 ,
876 1292 921 1332 in
944 1298 1105 1348 pectora
1129 1297 1338 1346 receptus,
1365 1303 1435 1331 ve-

215 1372 405 1422 tuostatem
442 1366 594 1408 nullam
631 1366 758 1408 timet.
828 1366 883 1409 At
908 1366 1069 1409 illorum
1096 1361 1328 1409 carnificum
1354 1365 1433 1407 cito

218 1441 364 1485 scelera
396 1456 581 1500 quoque,
620 1442 768 1500 quihus
801 1441 894 1486 solis
922 1443 1150 1486 memoriam
1176 1448 1433 1494 meruerunt,

214 1517 418 1559 tacebunt.
479 1518 586 1560 Haec
616 1518 849 1575 magnitudo
879 1519 1000 1560 animi
1034 1519 1095 1560 tui
1123 1518 1250 1560 vetuit
1279 1530 1345 1558 me
1378 1515 1432 1558 ad

213 1662 265 1698 De
282 1663 411 1710 Tranq.
435 1663 484 1699 IX
503 1662 530 1712 §
546 1663 581 1699 4.
633 1663 806 1712 Quadriu-
844 1675 955 1699 manu
974 1664 1101 1712 facere
1129 1663 1305 1711 significat
1336 1660 1435 1709 apud

195 1714 318 1774 'yeme
332 1726 449 1761 millia
467 1725 636 1762 librorum
651 1726 806 1763 Alexan·
843 1726 1015 1763 Senecam
1036 1734 1174 1775 sponte,
1199 1732 1289 1770 arie,
1313 1724 1434 1760 indus-

213 1788 311 1822 driae
332 1793 498 1822 arserunt.
841 1790 1071 1836 triafacere;
1087 1788 1209 1834 itaque
1225 1800 1335 1822 manu
1344 1788 1435 1821 liber

259 1848 372 1884 Manu
392 1847 491 1884 liber.
540 1847 678 1896 Lipsius
693 1848 804 1895 expli·
839 1850 1040 1897 significare
1049 1849 1193 1885 videtur
1200 1856 1273 1884 arte
1281 1861 1348 1884 sua
1358 1848 1384 1884 i.
1396 1860 1429 1884 e.

213 1913 289 1945 cat:
319 1911 511 1957 scriptione
537 1917 571 1945 et
597 1911 678 1946 stilo
698 1911 803 1956 liber,
839 1911 1030 1958 scriptione
1040 1916 1076 1946 et
1085 1910 1166 1945 stilo
1175 1909 1281 1945 liber.

212 1970 334 2007 Ruhk.
347 1976 483 2007 autem:
502 1985 520 2006 ³)
530 1972 700 2019 quoniam
710 1983 803 2008 mor·
888 1973 1052 2009 Emissos
1061 1972 1087 2008 i.
1095 1983 1129 2008 e.
1141 1983 1159 2006 e
1169 1971 1320 2007 tenebris
1328 1971 1371 2005 iu
1380 1969 1431 2005 lu-

160 2057 162 2059 -
212 2037 288 2069 tem
307 2034 375 2069 sibi
394 2033 469 2080 ipse
490 2033 697 2069 conscivit.’'
745 2033 803 2069 Sic
841 2049 916 2072 cem
928 2035 1136 2083 protulisses
1143 2048 1160 2077 ;
1180 2034 1230 2069 sic
1249 2033 1349 2069 enim
1362 2033 1433 2068 hoc

213 2106 301 2131 vero
318 2096 406 2130 liber
418 2094 464 2129 de
476 2095 633 2130 libertate
644 2096 686 2130 in
697 2102 804 2131 morte
842 2096 996 2133 verbum
1025 2095 1180 2143 explicat
1207 2095 1359 2140 Seneca,
1387 2095 1434 2131 de

214 2157 409 2205 accipit3at
419 2168 491 2192 non
501 2156 804 2204 qualisinmorte,
842 2158 966 2195 Benef.
994 2158 1072 2194 Lib.
1102 2158 1173 2202 ΙΙΙ,
1199 2157 1325 2193 XXXII
1344 2156 1371 2206 §
1393 2157 1434 2193 4:

215 2219 278 2254 sed
289 2219 405 2267 qualis
415 2219 454 2253 in
464 2220 539 2254 vita
549 2218 673 2255 suisset
681 2232 805 2267 quaes·
844 2233 931 2268 quos
938 2222 1021 2269 jam
1030 2220 1275 2256 consumsisset
1284 2219 1417 2254 oblivio
1424 2248 1435 2264 ,

215 2281 267 2317 tio
287 2286 379 2329 erat3
410 2293 477 2317 nec
497 2292 580 2317 sane
600 2292 645 2316 ex
665 2282 807 2330 scriptis
844 2282 921 2318 nisi
929 2282 1009 2318 illos
1012 2281 1173 2330 filiorum
1181 2281 1328 2330 gloriae
1340 2288 1437 2317 tene-

216 2342 295 2387 ejus
311 2343 476 2389 cognosci
490 2348 628 2389 poterat
638 2355 724 2378 eum
738 2344 807 2378 sibi
845 2345 920 2379 bris
940 2345 1102 2387 eruisset,
1124 2350 1158 2378 et
1176 2343 1290 2378 adhuc
1305 2345 1347 2377 in
1362 2344 1437 2377 luce

215 2414 342 2438 manus
362 2404 538 2442 intulisse.
596 2404 739 2441 Accedo
760 2404 808 2441 ad
845 2406 1020 2443 retineret.
1073 2405 1224 2441 obruere
1245 2410 1369 2441 contra
1386 2409 1437 2439 est

216 2465 324 2513 Lipsii
337 2466 564 2515 opinionem;
584 2480 668 2504 nam
689 2467 745 2517 (ut
761 2467 808 2503 ad
846 2468 1032 2504 obscurare
1058 2468 1154 2503 cons.
1178 2480 1248 2503 van
1270 2468 1437 2502 staveren

217 2540 295 2576 cap.
316 2528 405 2565 XIX.
437 2529 628 2577 explicavit
657 2527 809 2578 Lipsius)
847 2528 893 2565 ad
914 2530 1039 2577 Nepot.
1067 2529 1115 2564 IV
1133 2540 1213 2575 cap.
1237 2529 1265 2564 Ι.
1287 2528 1311 2576 §
1335 2527 1367 2563 l.
