1848 3122
979 297 1030 334 24

424 423 506 464 bat.
550 423 660 474 Quod
681 421 845 477 quidem
859 436 1001 477 parum
1025 421 1230 462 verisimile
1257 422 1422 463 videtur.
1465 421 1588 461 Etiam

426 496 502 535 suh
528 494 688 535 Claudio
713 494 837 534 scribi
860 493 990 549 potuit
1019 481 1261 543 Consolatio,
1287 504 1496 549 antequam
1522 493 1594 533 Ju-

426 565 476 605 lia
489 597 500 617 ,
520 565 739 605 Germanici
751 565 849 617 filia,
877 566 990 618 cujus
1012 564 1256 620 supplicium
1269 564 1481 618 imperator
1497 564 1592 604 Μω-

425 635 565 675 salinac
604 635 764 686 largitus
800 638 950 689 fuerat,
988 638 1173 678 Senecam
1207 649 1369 690 quoque
1403 650 1494 676 casu
1520 650 1594 677 suo

426 707 620 747 obrueret.
674 707 765 762 Ipsa
801 707 928 759 Julia,
967 708 1129 748 crimine
1156 708 1331 758 incerto,
1358 721 1432 746 nec
1460 706 1594 747 defen-

427 779 535 818 sione
562 777 642 818 ulla
679 778 766 819 data
796 780 839 818 in
867 778 1048 819 exsilium
1075 779 1209 830 missa,
1237 793 1329 819 mox
1357 778 1484 818 occisa
1511 787 1590 829 est,

425 859 464 889 et
501 849 668 899 Seneca,
698 849 809 905 quod
837 849 1074 890 adulterium
1104 864 1196 890 cum
1223 848 1288 888 illa
1317 849 1565 889 commisisset
1578 879 1591 900 ,

427 920 471 959 in
502 919 699 961 Corsicam
725 920 892 961 insulam
916 921 1104 974 relegatus
1133 932 1203 962 est.
1259 922 1324 962 Sic
1340 920 1488 976 placuit
1502 921 1595 961 Mes-

427 989 592 1042 salinae,
627 984 684 1031 sic
721 991 899 1043 Claudio,
936 992 1151 1032 meretricis
1186 991 1497 1047 libertorumque
1527 992 1596 1031 mi-

428 1061 568 1101 nistro.
623 1062 706 1102 Hoc
743 1063 892 1102 factum
927 1074 985 1103 est
1020 1062 1183 1103 Claudio
1214 1077 1343 1117 nuper
1367 1077 1500 1101 rerum
1527 1076 1597 1116 po-

426 1131 518 1181 tito,
556 1145 638 1170 non
673 1143 802 1172 tamen
827 1132 974 1173 'statim
1005 1133 1056 1171 ab
1096 1145 1257 1171 excessu
1289 1131 1500 1184 Caligulae,
1526 1131 1595 1171 sed

428 1201 563 1257 aliquo
582 1213 756 1258 tempore
779 1215 885 1259 post.
939 1202 1016 1245 Sed
1032 1218 1162 1258 neque
1176 1203 1254 1243 hoc
1270 1213 1462 1258 tempore,
1481 1202 1594 1258 quod

427 1274 532 1313 inter
570 1288 710 1314 necem
738 1274 930 1326 Caligulae
954 1285 995 1314 et
1020 1275 1183 1315 Senecae
1210 1273 1388 1314 exsilium
1415 1275 1595 1326 interest,

429 1343 649 1385 Consolatio
674 1345 724 1384 ad
752 1346 936 1386 Marciam
959 1346 1109 1401 scripta
1124 1344 1292 1386 videtur.
1328 1346 1412 1386 Non
1428 1345 1598 1386 multum

429 1416 535 1454 enim
559 1417 688 1470 patuit
712 1415 812 1455 illud
837 1427 994 1470 tempus
1010 1446 1022 1467 ,
1051 1431 1160 1467 nam,
1188 1431 1270 1456 non
1290 1417 1343 1456 ita
1370 1404 1496 1456 m'ulto
1509 1426 1599 1471 post

428 1502 548 1541 quam
564 1488 606 1527 in
621 1486 800 1527 exsilium
820 1488 1041 1528 mitteretur
1052 1519 1063 1539 ,
1080 1486 1232 1543 Polybii
1247 1488 1366 1528 frater
1382 1487 1487 1528 diem
1501 1488 1599 1528 obiit

430 1572 685 1612 supremum3
716 1573 836 1613 quem
863 1558 1069 1613 Polybium
1092 1559 1237 1599 Seneca
1262 1558 1372 1598 exsul
1398 1558 1448 1597 de
1476 1568 1600 1599 morte

431 1629 563 1669 fratris
606 1630 826 1670 consolatus
862 1641 934 1670 est.
996 1629 1106 1670 Hanc
1142 1641 1272 1670 autem
1304 1629 1354 1669 ad
1393 1628 1601 1683 Polybium

433 1699 744 1740 Consolationem
775 1700 909 1755 aliquo
953 1711 1150 1755 tempore,
1186 1710 1276 1740 ante
1312 1699 1600 1755 expeditionem

435 1770 588 1812 Claudii
615 1772 658 1811 in
686 1772 928 1812 Britanniam
951 1773 1141 1827 scriptam
1165 1786 1245 1811 esse
1275 1782 1436 1812 constat.

487 1843 685 1883 Praeterea
722 1842 772 1882 de
807 1841 968 1883 Claudio
1001 1857 1152 1897 semper
1189 1853 1389 1897 tamquam
1420 1841 1470 1882 de
1501 1833 1603 1884 novo

432 1914 617 1969 principe
655 1913 836 1969 loquitur
871 1914 915 1954 in
952 1913 1016 1953 illa
1062 1913 1325 1954 consolatione
1367 1912 1518 1966 (XXXI.
1564 1915 1602 1954 4.

434 1984 590 2025 XXXII.
619 1986 671 2040 l.)
725 1986 828 2038 Ergo
854 1986 1000 2026 Seneca
1023 2000 1104 2026 non
1128 1984 1252 2025 multo
1267 1995 1479 2040 postquam
1496 1982 1605 2024 Clau-

437 2049 526 2089 dius
550 2052 761 2105 imperator
788 2052 914 2092 factus
940 2063 1042 2103 erat,
1070 2053 1114 2091 in
1136 2051 1304 2091 insulam
1329 2051 1526 2091 Corsicam
1546 2064 1606 2089 re-

435 2120 656 2175 legebatur,
684 2137 814 2178 neque
839 2121 1002 2176 longum
1031 2134 1185 2178 tempus
1210 2134 1288 2174 est,
1317 2138 1399 2178 quo
1425 2132 1514 2162 ante
1538 2135 1606 2162 ex-

437 2192 595 2245 silium,
640 2195 719 2234 sive
763 2195 838 2233 sub
877 2195 921 2234 C.
963 2195 1138 2244 Caesare,
1180 2194 1259 2234 sive
1299 2195 1373 2233 sub
1419 2191 1602 2244 Claudio,

439 2263 656 2305 Consolatio
683 2264 732 2305 ad
759 2265 943 2307 Marciam
962 2265 1083 2306 scribi
1101 2265 1245 2321 potuit.
1299 2264 1465 2306 Circiter
1479 2276 1603 2303 annus

434 2335 592 2377 videtur
617 2336 749 2377 fuisse.

488 2407 626 2462 Itaque
662 2407 983 2449 verisimillimum
1004 2420 1063 2450 est
1095 2407 1398 2450 consolationem
1419 2404 1468 2445 ad
1494 2404 1600 2446 Mar-

434 2479 531 2520 ciam
572 2489 639 2519 aut
676 2478 797 2520 exsilii
836 2490 1033 2535 tempore,
1072 2491 1137 2521 aut
1176 2488 1267 2535 post
1302 2476 1481 2519 exsilium
1518 2490 1600 2518 esse
