1848 3122
783 323 805 359 3

213 445 367 494 nerem,
397 458 488 483 cum
511 442 732 483 studiorum
752 445 989 497 eruditione,
1019 457 1102 487 tum
1127 462 1280 487 morum
1304 448 1374 487 ele-

213 516 362 569 gantia,
388 529 521 554 rarum
544 514 685 554 'saeculi
710 516 772 555 sui
796 516 1019 572 exemplum
1036 519 1106 572 (l).

266 586 401 641 Neque
432 600 552 641 porro
579 587 676 627 haec
708 587 916 629 consolatio
942 599 1021 629 tam
1047 588 1160 644 plane
1186 590 1378 630 illustrata

216 658 402 715 omnique
426 658 642 715 scripturae
670 660 765 701 vitio
779 659 936 701 liberata
961 660 1183 714 videbatur,
1202 662 1302 703 nihil
1330 673 1376 703 ut

216 733 367 787 requiri
404 731 569 795 amplius
606 732 775 774 deberet.
845 734 965 774 Causa
1004 735 1046 773 in
1078 747 1270 790 promptu
1304 746 1374 774 est.

218 804 367 859 Lipsius
392 815 432 844 et
458 803 697 855 Gronovius,
724 815 814 859 post
838 805 1101 845 acutissimum
1125 805 1376 856 Ennianum,

215 865 361 931 optime
388 875 437 915 de
463 876 627 916 Senecae
655 876 837 930 operibus
862 877 988 915 meriti
1013 876 1183 930 plurima
1213 876 1376 930 quidem

215 946 518 1001 praestiterunt,
552 945 620 985 sed
646 960 728 986 non
754 947 922 997 mirum,
949 960 1011 986 eos
1037 947 1080 985 in
1104 948 1249 998 magnis
1275 945 1379 986 ulce-

216 1018 324 1057 ribus
362 1016 541 1056 sanandis
579 1028 811 1072 occupatos,
848 1016 971 1057 multa
1003 1016 1217 1073 reliquisse.
1271 1017 1378 1056 Ruh-

216 1088 338 1144 kopfii
374 1102 485 1139 vero,
521 1087 650 1128 ultimi
685 1088 848 1130 Senecae
885 1089 1133 1144 interpretis,
1161 1088 1271 1128 labor
1297 1103 1378 1128 non

216 1160 351 1201 fructu
383 1160 507 1200 caruit
539 1158 724 1215 quidem,
753 1154 902 1215 quum,
930 1161 1235 1211 recognitionem
1261 1162 1379 1212 magis

216 1246 336 1287 quam
355 1231 618 1271 recensionem
636 1230 892 1285 promittenS,
913 1241 1041 1270 tamen
1057 1230 1252 1285 praeclara
1266 1246 1380 1286 quae-

216 1301 307 1341 dam
332 1314 371 1342 et
394 1303 490 1342 huic
516 1301 626 1341 libro·
643 1293 813 1352 attulit}
830 1316 1082 1356 nequaquam
1111 1317 1201 1342 vero
1228 1303 1378 1353 omnia,

216 1387 316 1428 quae
345 1373 388 1411 in
416 1372 587 1413 editione
615 1373 721 1413 omni
748 1383 862 1427 parte
897 1372 1070 1413 absoluta
1098 1373 1378 1429 requiruntur,

214 1446 416 1500 praestitit.
472 1445 522 1485 Et
549 1444 669 1484 multa
703 1444 834 1484 adhuc
867 1445 908 1483 in
939 1445 1106 1485 Senecae
1144 1445 1380 1485 editionibus

215 1515 422 1555 desiderari
438 1516 468 1554 is
486 1514 634 1555 desinet
650 1516 801 1565 mirari,
817 1515 887 1569 qui
903 1530 925 1553 a
942 1515 1134 1554 Gronovio
1150 1525 1244 1554 teste
1260 1530 1375 1555 acce-

213 1587 319 1640 perit
355 1596 434 1624 tam
468 1575 692 1624 mutilatum
728 1585 914 1624 Senecam
946 1584 996 1623 ad
1030 1599 1100 1624 nos
1132 1587 1351 1637 pervenisse
1365 1604 1376 1625 ε

217 1673 298 1701 »ut
319 1678 393 1700 nec
417 1658 532 1700 unius
558 1656 727 1700 bominis
749 1671 816 1699 aut
834 1656 965 1699 aetatis
983 1671 1050 1699 aut
1072 1657 1242 1699 muneris
1263 1656 1382 1700 fuerit

215 1738 275 1770 tot
310 1726 502 1768 malorum
534 1736 573 1768 et
609 1725 831 1768 seculorum
865 1726 1029 1779 insignia
1067 1726 1234 1768 Senecae
1259 1725 1382 1767 detra-

214 1802 332 1850 here,
358 1799 608 1855 nitidumque
637 1812 676 1842 et
704 1816 819 1840 suum
846 1810 885 1840 et
909 1798 1077 1841 naturali
1104 1798 1244 1841 decore
1275 1816 1378 1841 con-

214 1882 395 1927 spectum
438 1870 614 1911 manibus
657 1885 702 1911 ac
745 1868 884 1910 studiis
929 1869 1135 1909 hominum
1172 1884 1377 1910 commen-

215 1945 335 1986 dare’'
355 1944 432 1997 (2).
937 1991 942 1995 ,

269 2015 351 2067 Ego
384 2028 545 2070 quoque
577 2027 709 2053 omnes
746 2026 846 2052 meas
880 2013 1023 2063 ingenii
1048 2013 1147 2053 vires
1172 2012 1242 2051 diu
1270 2013 1376 2052 acri-

216 2100 357 2144 terque
382 2085 531 2128 intendi
560 2087 603 2126 in
627 2085 748 2138 hujus
775 2072 895 2126 libelli
920 2083 1215 2126 difficultatibus
1244 2084 1378 2126 elabo-

217 2159 361 2200 randis.
424 2159 486 2198 An
513 2173 604 2198 vero
632 2157 795 2213 aliquod
824 2173 961 2213 operae
988 2158 1161 2213 pretium
1187 2157 1382 2197 attulerim

216 2231 422 2273 doctorum
446 2230 588 2283 judicii
607 2243 709 2284 ⁴esto.
763 2232 916 2271 Praeter
944 2219 1163 2271 Editiones:
1205 2231 1263 2270 Ex
1287 2231 1379 2269 offi-

218 2304 306 2343 cina
342 2304 399 2342 du
436 2302 534 2342 Valii
567 2303 641 2341 An.
678 2302 965 2342 MDLXXXVII
992 2317 1083 2342 cum
1111 2302 1212 2341 notis
1239 2301 1382 2341 Mureti

255 2470 306 2513 (1)
328 2470 421 2504 conf.
445 2471 521 2514 Cap.
536 2470 562 2502 1.
587 2468 605 2509 §
626 2468 658 2500 1.
685 2466 704 2507 §
725 2466 746 2497 6
765 2472 796 2497 et
816 2464 896 2508 Gap.
915 2465 1003 2498 VIII.
1026 2465 1045 2507 §
1067 2466 1088 2496 2
1107 2465 1203 2508 hujus
1226 2464 1350 2497 consol,

257 2521 308 2563 (2)
331 2520 431 2555 Gron.
449 2523 507 2554 1¹:11.
531 2522 666 2554 Senecae
687 2518 787 2550 Praef.

1149 2576 1199 2613 μ
