1848 3122
812 323 867 364 53

228 452 500 497 conferamus?
523 460 590 495 eat
607 455 733 496 omnis
760 455 863 497 inter
888 454 1022 498 luctus
1044 454 1149 509 dies3
1177 460 1337 497 noctem
1362 456 1447 497 sine

226 545 365 575 somno
398 530 554 573 tristitia
586 538 809 574 consumat:
844 533 1072 589 ingerantur
1097 531 1268 575 lacerato
1292 529 1445 587 pectori

225 621 390 662 manus,
420 614 461 650 et
485 608 527 650 in
546 608 674 665 ipsam
700 607 843 650 faciem
870 609 1042 665 impetus
1065 607 1156 651 flat:
1185 615 1308 664 atque
1331 607 1443 649 omni

223 696 267 727 se
286 697 427 740 genere
444 684 627 727 saevitiae
641 683 891 741 profecturus
907 698 1062 727 moeror
1078 692 1268 727 exerceat.
1299 682 1340 725 2.
1359 681 1442 725 Sed

223 759 258 801 si
292 759 413 802 nullis
445 759 673 816 planctibus
693 759 882 803 defuncta
907 768 1165 814 revocantur,
1194 761 1228 802 si
1252 774 1336 802 sors
1362 760 1440 800 im-

224 842 357 890 mota,
392 842 434 877 et
470 835 514 876 in
544 842 747 878 aeternum
776 836 880 891 fixa,
917 830 1030 879 nulla
1051 837 1208 879 miseria
1233 843 1439 887 mutatur,

223 918 265 954 et
299 924 405 953 mors
433 917 543 953 tenet
574 910 784 969 quidquid(
802 911 997 965 abstulit3
1023 912 1179 954 desinat
1205 910 1342 964 dolor,
1370 911 1442 967 qui

223 987 341 1045 perit.
398 987 531 1040 Quare
566 1002 770 1044 regamus:
808 1002 884 1031 nec
902 1002 976 1030 >nos
1010 988 1086 1030 ista
1117 988 1176 1030 vis
1204 995 1444 1029 uensversos

222 1061 387 1106 auferat.
456 1062 600 1120 Turpis
633 1069 695 1105 est
725 1063 867 1120 navigii
905 1070 1056 1118 rector,
1086 1063 1152 1106 cui
1176 1060 1443 1119 gubernacula

223 1138 372 1181 fluctus
403 1139 572 1194 eripuit,
601 1139 671 1194 qui
694 1138 931 1181 fluctuantia
955 1139 1041 1181 vela
1067 1139 1269 1192 deseruit;
1292 1138 1440 1195 permi-

221 1215 274 1257 sit
308 1214 534 1271 tempestati
571 1220 717 1256 ratem:
756 1222 797 1257 at
830 1214 898 1257 ille
931 1214 996 1257 vel
1032 1215 1074 1257 in
1111 1213 1315 1270 naufragio
1350 1212 1441 1256 lau-

223 1290 401 1343 dandus,
440 1303 562 1346 quem
593 1290 728 1332 obruit
755 1304 864 1332 mare
892 1290 1050 1333 clavum
1078 1298 1278 1332 tenentem
1301 1297 1344 1331 et
1364 1289 1439 1331 ob-

224 1365 374 1407 nixum.

282 1440 362 1483 Vn.
411 1440 493 1485 »At
524 1436 636 1483 enim'
666 1441 846 1484 naturale
877 1441 1117 1485 desiderium
1143 1456 1308 1485 suorum
1332 1441 1438 1483 δι”

273 1651 456 1699 Defuncto
465 1660 533 1697 pro
542 1648 736 1698 defunctos.
755 1647 814 1684 Sic
851 1647 899 1684 ad
918 1648 1036 1684 Horat.
1057 1649 1135 1684 Lib.
1152 1649 1182 1684 1.
1199 1649 1275 1685 Ode
1290 1648 1439 1685 XXXIV.

224 1712 359 1749 Seneca
394 1717 432 1757 et
466 1711 578 1748 ceteri
604 1711 815 1747 recentioris
850 1711 1029 1759 insignem
1058 1718 1217 1746 attenuat
1236 1710 1346 1746 Deus.
1392 1711 1441 1745 Si-

223 1774 304 1809 aevi
334 1773 522 1819 scriptores
548 1771 665 1807 Latini
684 1772 812 1807 solent.
849 1771 988 1806 militer
1008 1771 1152 1807 Graeci:
1184 1772 1307 1818 Eurip.
1330 1772 1439 1818 Supp.

224 1833 287 1881 Ep.
309 1833 425 1870 XCIV.
446 1832 472 1881 ς
489 1833 549 1870 72.
582 1832 748 1869 Ostendat
767 1845 812 1867 ea·
849 1843 889 1867 π
910 1832 993 1868 577.

222 1895 470 1930 constitutione
493 1895 595 1943 vulgi
614 1894 730 1929 beatos
752 1920 761 1929 .
776 1921 786 1930 .
800 1919 809 1929 .
843 1905 941 1936 νοω.
959 1906 993 1944 7‘
1011 1905 1183 1945 ὓβρωταῑ.
1201 1905 1329 1947 χρηστὰ
1347 1903 1381 1935 δ’
1397 1905 1435 1935 οὔ

222 1958 390 2007 longeque
412 1958 522 1992 aliam
549 1957 591 1991 dc
611 1969 648 1992 so
669 1957 811 2004 opinio-
961 1959 1144 2000 κολάζομεν

220 2031 301 2054 nem
329 2018 511 2062 hahentes,
535 2031 640 2065 quam
661 2018 706 2052 ab
724 2018 810 2053 aliis
847 2014 949 2051 Conf.
972 2014 1063 2050 ibid.
1089 2026 1124 2049 v.
1149 2014 1221 2050 596
1243 2026 1322 2061 sqq.

220 2080 376 2116 habetur.
412 2079 507 2115 Nam
536 2092 624 2126 quac
649 2079 735 2114 aliis
756 2079 809 2113 vi·
895 2078 1063 2124 Auferat.
1087 2077 1159 2112 Hoc
1171 2077 1323 2112 verbum
1332 2088 1438 2123 prae-

221 2141 499 2185 dentur-excelsa,
517 2141 607 2187 ipsis
616 2146 809 2187 praerupta
846 2139 944 2175 clare
983 2139 1204 2185 explicatum
1233 2138 1372 2174 videbis
1399 2139 1438 2173 in

220 2209 315 2239 sunt.
339 2202 391 2237 De
411 2200 533 2237 Benes.
554 2200 584 2236 1.
601 2200 725 2248 Cap.1.
735 2199 762 2249 §
772 2200 807 2236 9.
845 2205 933 2236 nota
958 2200 1156 2236 Burmanni
1183 2199 1230 2235 ad
1250 2199 1354 2235 Ovid.
1374 2200 1440 2246 Ep.

220 2262 317 2312 (Dei)
344 2270 491 2300 utuntur
516 2269 644 2298 natura
664 2275 751 2307 sua,
776 2269 810 2297 et
847 2262 919 2309 XV,
943 2274 978 2299 v.
1006 2261 1087 2298 140.

221 2332 368 2371 cimcta,
412 2328 569 2373 interque
607 2324 673 2359 illa
714 2325 809 2371 ipsos
897 2326 950 2362 At
965 2325 1025 2360 ille
1047 2324 1112 2359 vel.
1138 2321 1295 2358 Annotat
1313 2322 1437 2358 Casau-

220 2398 403 2423 munerum
420 2399 561 2424 suorum
577 2386 686 2422 malos
702 2386 809 2421 inter·
847 2387 982 2423 bonus:
1005 2386 1217 2433 »Eleganter
1228 2384 1323 2421 illud
1333 2385 1435 2421 Grae-

215 2454 331 2496 protes
343 2451 478 2496 juvant
496 2448 639 2498 (cuncta
657 2447 733 2484 scil.
743 2459 811 2495 pro
847 2461 994 2486 corum:
1037 2454 1206 2485 Ποσειδᾶν
1234 2452 1340 2495 ὀρθὰν
1374 2450 1435 2481 τὰν

223 2507 390 2558 cunctos).
415 2510 516 2546 Conf.
537 2510 593 2546 vir
606 2509 808 2547 CLPeerlk.
850 2519 929 2548 vam
952 2509 1156 2557 expressit.''
