1848 3122
983 313 1039 357 78

386 451 511 504 stitit,
533 451 575 491 in
593 463 673 505 qua
695 462 775 490 non
798 449 951 505 aliquid
975 449 1185 493 turbatum
1209 451 1294 494 sit?
1337 443 1608 507 Unumquem-

386 525 487 569 libet
503 537 651 566 annum
668 537 842 582 occupa,
865 531 906 567 et
924 538 972 567 ex
994 538 1041 569 eo
1060 526 1312 583 magistratus
1334 527 1423 570 cita.
1455 526 1496 570 2.
1511 527 1609 571 Mar-

386 617 503 654 cum,
532 602 565 643 si
586 601 667 654 vis,
696 601 910 656 Bibulum,
940 611 981 645 et
1003 604 1048 645 C.
1072 604 1298 645 Caesarem:
1327 604 1481 646 videbis
1504 606 1607 646 inter

384 677 553 733 collegas
575 677 861 721 inimicissimos
881 678 1126 721 concordem>
1134 676 1347 721 fortunam.
1378 678 1433 721 Μ.
1457 679 1610 734 Bibuli,

383 754 555 796 mel³oris
590 768 714 810 quam
742 754 910 796 fortioris
936 755 1033 808 viri,
1062 754 1150 798 duo,
1170 755 1291 797 simul
1313 754 1387 795 filii
1411 754 1609 797 interfecti

383 838 496 874 sunt:
524 829 720 889 Aegyptio
742 820 908 888 quidem
932 830 1050 874 militi
1072 831 1247 874 ludibrio
1266 831 1412 874 habiti:
1449 838 1497 874 ut
1522 844 1605 873 non
1668 888 1673 893 ‘

383 909 516 951 minus
551 908 637 964 ipsa
672 907 868 962 orbitate,
896 915 1035 950 auctor
1066 909 1150 951 eius
1164 939 1176 962 ,
1205 908 1324 965 digna
1348 922 1410 951 ιω
1436 908 1608 951 lacrimis

384 993 501 1027 esset.
561 984 728 1027 Bibulus
763 993 921 1039 tamen,
959 985 1056 1042 qui,
1094 992 1179 1027 toto
1201 973 1362 1027 honoris
1394 985 1456 1027 sui
1481 999 1609 1039 anno,

383 1061 438 1103 ob
459 1061 648 1102 invidiam
670 1060 865 1116 collegae,
887 1061 995 1102 domi
1010 1061 1203 1115 latuerat,
1225 1068 1385 1118 postero
1399 1061 1467 1103 die
1484 1075 1607 1117 quam

379 1135 581 1192 geminum
599 1134 734 1178 .funus
761 1136 1042 1181 renunciatum
1075 1143 1157 1189 est,
1194 1136 1387 1191 processit
1411 1135 1464 1177 ad
1488 1136 1606 1178 solita

379 1219 421 1254 et
446 1211 611 1269 publica
629 1211 770 1253 officia.
800 1210 842 1253 3.
853 1207 971 1264 'Quid
989 1211 1122 1254 minus
1142 1218 1322 1269 poterat,
1338 1227 1461 1269 quam
1478 1226 1606 1255 unum

429 1410 590 1446 Melioris
600 1422 706 1457 quam
710 1410 881 1458 fortioris
889 1410 974 1446 viri.
1014 1422 1082 1458 que
1110 1418 1308 1459 susceptum
1333 1411 1490 1459 officium
1510 1412 1609 1448 dese-

380 1471 475 1508 Haeo
501 1472 612 1508 verba
643 1476 849 1519 repugnant
878 1472 974 1507 testi-
1013 1483 1086 1507 rere
1116 1472 1234 1518 vellet,
1265 1474 1340 1509 vim
1365 1473 1480 1509 morbi
1497 1473 1610 1509 eusti-

380 1534 504 1570 monio
523 1533 713 1570 Ciceronis.
743 1533 807 1581 Ep.
828 1533 876 1570 ad
894 1533 972 1570 niv.
1013 1545 1093 1569 nere
1121 1546 1193 1570 non
1215 1526 1345 1583 potuit.
1395 1535 1488 1571 Haec
1508 1534 1608 1571 forti-

381 1597 461 1633 Lib.
482 1596 553 1642 XV,
573 1596 605 1633 I.
616 1596 805 1645 judicavit
822 1597 882 1631 vir
891 1595 976 1642 for-
1014 1595 1104 1632 tudo
1147 1595 1313 1632 firmatur
1348 1597 1406 1632 his
1443 1602 1610 1633 veterum

382 1659 544 1694 tissimus
568 1659 617 1693 M.
639 1657 804 1693 Bibulus.
840 1657 892 1692 De
912 1657 977 1692 lla·
1015 1657 1268 1692 historicorum
1297 1658 1398 1692 Iocis:
1431 1658 1497 1693 nio
1517 1658 1609 1694 XLI.

383 1731 484 1766 rusp-
508 1718 615 1765 Resp.
642 1718 725 1764 Cap.
750 1717 878 1753 XXIII.
893 1730 977 1765 pro-
1017 1717 1100 1764 Cap.
1118 1716 1183 1761 48,
1206 1717 1395 1754 XXXVIII.
1411 1730 1492 1765 pag.
1506 1719 1555 1755 60
1571 1723 1609 1755 et

382 1780 533 1816 ducebat
538 1780 784 1828 fortissimum
797 1780 915 1814 virum
925 1780 975 1815 M.
1016 1777 1076 1814 61.
1101 1778 1247 1815 Sueton.
1260 1778 1356 1816 Caes.
1369 1779 1454 1826 Cap.
1463 1780 1522 1815 XX
1531 1792 1610 1828 sqq.

380 1841 565 1878 Bibulum.
596 1841 671 1876 Pro
681 1840 796 1876 Domo
806 1839 890 1887 Cap.
901 1839 974 1876 XV.
1016 1839 1159 1875 Orosius
1168 1838 1230 1875 VI.
1248 1839 1284 1876 6.
1310 1839 1464 1887 Appian.
1483 1851 1521 1887 p.
1540 1840 1612 1877 434

381 1903 494 1940 Adest
516 1915 685 1952 praesens
716 1904 776 1938 vir
798 1903 977 1952 sinqulari
1013 1902 1180 1950 inprimis
1223 1901 1385 1938 Valerius
1426 1903 1610 1940 Maximus.

381 1967 530 2010 virtute,
555 1965 776 2009 constantia,
797 1965 976 2013 gravitate
1016 1963 1128 2008 Quid,
1147 1962 1250 2010 quod'
1264 1963 1354 2014 haec
1371 1964 1481 1999 verba
1500 1964 1611 2011 ipsius

374 2028 578 2077 praeditus,
603 2027 654 2064 M.
674 2026 843 2064 Bibulus.
871 2025 974 2062 Conf.
1014 2025 1169 2064 Senecae
1214 2025 1329 2061 menti
1373 2027 1608 2074 repugnant?

382 2090 430 2125 de
450 2089 563 2126 Domo
582 2089 667 2136 Cap.
687 2088 808 2125 xxvl.
839 2088 975 2124 Discre-
1014 2088 1080 2134 qui
1107 2085 1351 2123 'fortitudinis
1402 2088 1610 2134 exemplum

381 2154 472 2198 pant
492 2161 514 2185 a
533 2149 800 2185 commentariis
823 2149 976 2185 Caesaris
1013 2148 1175 2196 profecto
1206 2161 1278 2185 non
1304 2149 1351 2185 ab
1372 2149 1504 2197 ignavo
1524 2161 1611 2196 pro-

384 2213 432 2248 de
453 2212 494 2249 Β.
516 2212 554 2248 C.
579 2212 657 2248 Lib.
679 2211 749 2247 111.
771 2210 813 2256 8,
836 2210 892 2255 14,
912 2210 958 2246 15
965 2210 1126 2256 „ferret
1134 2225 1144 2256 3
1162 2210 1351 2258 multoque
1370 2212 1491 2246 minus
1511 2211 1610 2257 igna-

385 2273 449 2319 16,
474 2272 532 2310 18.
581 2273 649 2309 uhi
676 2272 791 2321 multa
814 2272 977 2320 praecla-
1015 2271 1112 2307 viam
1132 2271 1263 2308 diserte
1283 2272 1494 2308 declararet.
1515 2272 1609 2309 Fieri

382 2347 498 2384 raque
535 2336 614 2383 ejus
647 2336 806 2372 facinora
837 2347 977 2371 memo-
1015 2339 1152 2381 potest,
1176 2339 1217 2370 ut
1243 2335 1378 2370 Seneca
1408 2335 1607 2382 scripserit:

381 2402 527 2442 rantur,
561 2396 608 2432 oh
628 2408 721 2442 quae
748 2396 789 2430 in
808 2395 976 2431 morbum
1015 2397 1170 2431 melioris
1183 2409 1231 2431 an
1237 2396 1410 2444 fortioris
1421 2397 1509 2442 viri,
1521 2397 1560 2434 h.
1573 2410 1607 2433 e.

382 2459 513 2495 incidit
544 2457 714 2502 Bibulus,
739 2461 776 2492 et
803 2456 843 2491 in
869 2457 976 2493 classe
1014 2458 1098 2504 qui,
1133 2457 1280 2500 dubito,
1315 2457 1372 2491 vir
1400 2458 1529 2495 melior
1560 2471 1604 2495 an

384 2534 490 2568 quum
507 2532 619 2568 neque
635 2519 758 2555 curari
765 2525 899 2566 posset,
918 2531 975 2553 ne·
1015 2517 1143 2554 fortior
1166 2515 1290 2552 fuerit.
