1848 3122
977 300 1035 341 46

393 434 546 492 ubique
571 432 686 477 illum
718 432 796 475 sibi
818 433 1004 491 privatim
1029 433 1275 493 publiceque
1293 442 1611 494 repraesentare,

391 519 434 554 et
465 510 722 553 libentissime
752 508 806 552 de
839 511 909 554 illo
940 511 1076 568 loqui,
1112 512 1165 554 de
1188 511 1258 554 illo
1285 513 1446 573 audire:
1480 525 1608 570 quum

390 588 620 631 memoriam
654 585 817 631 alterius
841 602 958 631 nemo
990 597 1124 645 posset
1146 589 1317 631 retinere
1342 603 1390 632 ac
1419 590 1608 647 frequen·

389 672 496 719 tare,
524 664 625 721 quin
643 662 754 705 illam
776 665 932 708 tristem
954 664 1030 709 sibi
1055 663 1254 707 redderet.
1314 662 1356 706 3.
1396 664 1507 721 Elige
1529 665 1610 708 ita-⁶

387 754 493 798 que,
530 748 668 783 utrum
702 741 931 798 exemplum
966 748 1085 799 putas
1113 740 1372 797 probabilius.
1430 741 1472 783 Si
1505 741 1610 785 illud

388 818 500 875 prius
521 817 637 875 sequi
658 816 742 872 vis,
763 817 901 861 eximis
927 824 968 861 te
994 831 1162 861 numero
1182 818 1382 861 vivorum:
1398 816 1609 860 aversabe-

386 894 442 936 ris
474 901 518 936 et
548 893 695 936 alienos
728 893 872 937 liberos
899 901 942 936 et
969 901 1060 936 tuos
1082 894 1297 951 ipsumque
1307 919 1327 948 ‚-
1356 893 1618 946 doeideransg·

390 970 504 1013 triste
536 970 730 1013 matribus
761 983 879 1012 omen
904 984 1109 1013 occurres:
1144 970 1370 1027 voluptates
1401 970 1610 1024 honestas,

389 1046 622 1102 permissas,
652 1053 844 1102 tanquam
871 1060 1016 1103 parum
1039 1045 1201 1089 decoras
1229 1045 1409 1088 fortunae
1429 1053 1523 1088 tuae
1545 1058 1612 1087 re·

387 1122 494 1165 iieies
506 1153 520 1176 ‚
550 1122 716 1164 invisam
753 1122 919 1164 habebis
950 1122 1108 1176 lucem,
1144 1130 1186 1164 et
1212 1123 1332 1165 aetati
1353 1129 1469 1176 tuae,
1497 1120 1609 1179 quod

386 1212 468 1241 non
494 1199 730 1256 praecipitet
752 1205 794 1240 te
816 1199 1137 1255 quamprimum,
1166 1205 1209 1240 et
1233 1197 1374 1252 finiat,
1403 1197 1611 1241 infestissi-

388 1289 454 1317 ma
475 1276 573 1319 eris:
601 1275 726 1333 quod
744 1276 1019 1333 turpissimum
1048 1275 1410 1332 alienissimumque
1438 1282 1500 1318 est
1524 1276 1613 1318 ani-

388 1366 456 1395 mo
478 1360 574 1407 tuo,
594 1353 638 1393 in
663 1351 867 1394 meliorem
887 1359 983 1394 noto
1004 1359 1161 1408 partem
1174 1382 1187 1406 ‚
1216 1351 1400 1393 ostendes
1421 1358 1463 1393 te
1481 1351 1613 1394 vivere

387 1427 519 1482 nolle,
548 1428 649 1470 mori
674 1442 756 1470 non
776 1440 906 1484 posse.
966 1425 1019 1471 4.,
1038 1427 1080 1469 Si
1106 1427 1159 1468 ad
1180 1427 1258 1469 hoc
1278 1427 1471 1471 maximae
1491 1426 1610 1469 femi-

386 1519 461 1547 nae
496 1512 539 1547 te
574 1504 803 1561 exemplum
839 1502 1102 1560 applicueris,
1131 1501 1370 1546 moderatius
1399 1517 1446 1546 ac
1471 1503 1608 1546 mitius

387 1582 463 1623 eris
492 1581 536 1623 in
558 1580 781 1634 aerumnis,
810 1593 885 1622 nec
911 1587 954 1621 te
979 1579 1187 1621 tormentis
1209 1579 1440 1622 macerabis.
1495 1580 1606 1633 Quae

388 1766 465 1796 erae
479 1760 587 1795 uxori
597 1758 777 1802 Caesam,
795 1763 860 1793 aut
869 1756 984 1793 Drusi
1068 1755 1214 1791 Eximi,
1224 1755 1380 1804 conjicio
1391 1757 1533 1793 eximes.
1553 1755 1613 1793 sio·

384 1822 505 1858 matri.
540 1819 764 1856 Vocabulum
791 1818 899 1853 uxori
925 1829 982 1853 re·
1019 1815 1046 1865 ς
1056 1815 1080 1852 4
1100 1817 1312 1853 moderatius
1330 1830 1374 1853 ao
1393 1818 1518 1854 mitius
1527 1820 1610 1856 eris.

384 1883 474 1932 poni
486 1894 587 1931 posse
603 1881 750 1917 videtur
763 1892 809 1916 ex
823 1891 981 1928 sequen-
1042 1879 1431 1925 Pmiquuidhoc
1439 1880 1622 1919 verbum?⁴

386 1946 433 1982 tis
448 1945 617 1981 vocabuli
634 1944 779 1980 Caesare
797 1942 911 1978 literis
924 1955 979 1978 ae·
1019 1941 1218 1989 Aliquidne
1248 1941 1361 1988 igitur
1392 1941 1508 1977 nobili
1536 1954 1612 1979 ma⁴

387 2019 477 2043 sare.
501 2006 594 2042 Haec
611 2017 719 2053 porro
739 2004 847 2040 lectio
867 2004 897 2040 si
918 2016 981 2040 re-
1018 2007 1144 2040 tronae
1173 2003 1386 2051 permissum
1414 2003 1514 2051 quod
1537 2016 1613 2041 non

387 2069 558 2116 cipiantur,
578 2068 717 2103 sublata
734 2067 804 2102 erit
824 2066 981 2102 difficul-
1018 2065 1238 2102 honestum?
1272 2065 1471 2102 delendum
1500 2070 1611 2113 puto:

388 2134 442 2165 tas
470 2130 511 2164 in
539 2129 657 2164 verbis
676 2140 827 2176 aequum
847 2130 954 2167 mam·
963 2142 980 2171 ;
1019 2126 1108 2163 alibi
1138 2127 1262 2163 saltem
1288 2127 1443 2163 alterum
1472 2131 1613 2163 tantum

387 2202 475 2226 nam
514 2190 613 2237 quod
649 2190 777 2225 ceteris
807 2190 982 2225 matribus
1022 2194 1170 2237 usurpat
1200 2179 1434 2226 Senecaz'de
1454 2189 1513 2226 Ira
1543 2190 1611 2227 111.

387 2263 595 2289 concessum
605 2256 693 2298 erat,
703 2250 868 2289 nondum
877 2251 982 2288 Drusi
1021 2250 1104 2299 Cap.
1117 2250 1180 2298 42,
1190 2250 1216 2301 §
1225 2251 1260 2289 2.
1289 2252 1385 2302 Quid
1389 2253 1501 2301 juvat
1506 2280 1517 2298 ,
1536 2251 1612 2290 dies

387 2319 542 2351 matrem
582 2314 742 2350 decebat.
796 2313 981 2349 Commen-
1020 2326 1107 2361 quoa
1137 2315 1179 2349 in
1205 2315 1416 2362 voluptatem
1434 2314 1611 2351 honestam

387 2376 496 2413 datur
528 2375 687 2423 denique
717 2375 872 2411 Senecae
893 2387 981 2412 con-
1019 2376 1215 2425 impendere
1245 2376 1348 2421 licet,
1388 2376 1431 2410 in
1462 2375 1612 2413 dolorem
1661 2368 1663 2370 ¹

387 2438 581 2476 suetudine
601 2442 705 2474 acute
724 2437 822 2473 dicta
838 2442 980 2485 captan·
1020 2438 1175 2486 alicujus
1195 2443 1468 2484 tormentumque
1494 2445 1613 2476 tram-1

390 2502 443 2535 tis.
1011 2497 1137 2544 serre?
