1848 3122
833 312 882 349 23

277 436 456 477 tinaciam
476 435 616 475 Seneca
633 434 668 473 ei
685 433 784 473 haec
803 435 963 486 objicit:
986 432 1142 480 Studia,
1161 434 1446 474 hereditarium

274 514 311 546 et
327 513 538 559 paternum
566 489 726 556 honum,
754 506 901 545 surdas
922 518 1059 556 auree,
1084 507 1200 544 irrito
1227 515 1277 544 ao
1297 506 1368 543 vix
1392 505 1448 543 ad

274 578 428 618 brevem
458 579 752 630 occupationem
779 563 1005 630 proficiente
1033 577 1193 629 solatio,
1220 583 1442 616 transeunt.

278 648 382 699 Quae
422 650 539 690 verba
572 662 654 689 non
692 647 839 689 cadunt
875 648 919 687 in
958 662 1041 688 eam
1077 648 1282 700 feminam,
1316 661 1441 703 quae,

277 719 387 774 quod
424 721 467 758 in
503 734 712 774 personam
744 720 866 774 patris
905 718 1019 758 talem
1046 733 1085 758 se
1114 720 1291 770 gesserit,
1320 730 1444 759 tanto·

276 805 370 845 pere
405 789 609 837 landatur,
647 805 745 844 quae
780 791 927 845 optime
963 791 1146 830 meruisse
1172 790 1223 829 de
1252 790 1437 844 posteris,

205 900 209 903 ,
275 861 421 914 optime
444 859 495 899 de
521 860 702 900 Romanis
732 860 871 901 studiis
894 860 1058 901 dicitur.
1112 859 1227 900 Unde
1254 861 1343 900 satis
1367 860 1445 900 effi·

278 932 405 980 citur,
443 929 653 981 Metilium,
692 946 820 985 quum
853 931 973 971 Cordi
998 931 1182 970 historiae
1209 929 1443 980 ederentur,

277 999 408 1041 adbuc
447 1001 489 1040 in
532 1002 627 1042 vivis
667 1000 797 1041 fuisse.
851 999 987 1052 Adde,
1013 1000 1079 1042 vix
1108 987 1313 1041 verisimile
1338 1015 1418 1040 esse
1432 1030 1445 1050 ,

278 1071 471 1112 Metilium
504 1072 580 1111 sub
609 1071 762 1112 Tiberio
789 1082 950 1112 auctum
975 1086 1056 1111 esse
1082 1072 1299 1112 honoribus
1327 1086 1450 1112 sacer-

279 1143 467 1199 dotioque
499 1144 703 1195 functum,
730 1154 914 1199 nepotem
941 1145 1027 1196 ejus
1043 1137 1052 1146 ’
1067 1144 1166 1194 viri,
1200 1158 1321 1198 quem
1349 1144 1450 1184 mori

270 1215 438 1266 jusserat
466 1214 640 1253 Tiberius
656 1244 668 1264 ,
700 1213 889 1253 Cremutii
920 1213 1039 1253 cordi
1068 1212 1232 1253 scilicet.

330 1287 451 1326 Porro
475 1285 663 1325 docemur
690 1284 863 1338 (consol.
890 1284 1024 1325 XXIV.
1057 1287 1081 1336 §
1105 1284 1146 1337 2)
1172 1283 1359 1324 Marciam
1383 1283 1450 1323 ad-

272 1357 420 1408 juvisse
460 1355 586 1394 filium
619 1356 662 1394 in
697 1356 888 1409 petitione
916 1354 1123 1394 sacerdotii
1135 1371 1149 1405 3
1188 1353 1300 1410 quod
1325 1354 1377 1393 ab
1404 1355 1450 1393 iis

277 1438 429 1467 tantum
467 1411 555 1465 lieri
582 1436 737 1479 poterat
770 1426 842 1480 qui
871 1426 1062 1479 principis
1095 1426 1214 1475 gratia
1245 1426 1451 1465 florebant.

278 1499 329 1537 At
345 1487 544 1551 quomodo
561 1495 679 1535 Cordi
698 1495 774 1535 filia
789 1526 801 1546 ,
828 1496 1014 1547 Sejanum
1031 1495 1310 1549 Tiberiumque
1323 1510 1450 1546 exosa,

277 1568 490 1607 rarissimae
512 1566 664 1621 pietatis
688 1565 932 1620 exemplum,
958 1581 979 1605 a
994 1566 1115 1620 patris
1132 1566 1450 1607 interfectoribus

279 1638 463 1678 beneficii
485 1636 572 1677 loco
594 1651 671 1691 pro
694 1636 774 1676 filio
793 1635 1056 1676 sacerdotium
1076 1646 1209 1691 petere
1230 1638 1451 1692 potuisset?

277 1710 337 1748 Ex
363 1709 509 1763 quibus
533 1718 660 1762 patet,
687 1721 817 1762 neque
840 1708 916 1746 sub
940 1707 1096 1746 Tiberio
1119 1708 1198 1748 vita
1222 1707 1456 1748 defunctum

277 1794 357 1820 esse
381 1779 594 1830 Metilium,
620 1792 750 1833 neque
769 1778 845 1818 sub
863 1777 1001 1819 eodem
1026 1779 1214 1833 principe
1235 1778 1454 1819 honoribus

277 1839 450 1891 auctum.
512 1849 651 1904 Itaque
683 1848 769 1888 fieri
798 1848 960 1889 demum
986 1848 1166 1889 sacerdos
1194 1849 1326 1902 potuit
1354 1849 1452 1889 Gali-

279 1921 367 1973 gula
392 1935 524 1961 rerum
545 1921 673 1975 potito
693 1930 759 1960 aut
774 1930 920 1974 postea.
977 1920 1042 1960 Sic
1066 1916 1159 1961 ver-'o
1176 1920 1452 1960 brevissimum

279 2002 338 2033 est
369 2003 544 2047 tempus,
576 2005 657 2046 quo
685 1992 759 2030 sub
792 1990 959 2042 Caligula
976 1991 1098 2031 scribi
1112 1991 1286 2046 potuerit
1310 1990 1454 2031 conso-

277 2064 370 2104 latio
395 2063 444 2103 ad
470 2062 660 2102 Marciam.
714 2061 808 2101 Nam
836 2061 1008 2114 Caligula
1029 2077 1103 2117 per
1129 2072 1205 2102 tres
1229 2062 1310 2104 fere
1331 2076 1453 2103 annos

280 2147 320 2176 et
342 2135 488 2175 decem
523 2147 671 2173 menses
706 2133 976 2188 principatum
1004 2134 1143 2175 tenuit.
1199 2133 1392 2185 Proinde,
1419 2135 1454 2174 si

281 2206 577 2251 consolationem
597 2205 672 2244 sub
704 2203 875 2256 Caligula
902 2205 1092 2260 scriptam
1115 2205 1322 2260 ponimus,
1350 2206 1454 2245 intra
1474 2252 1481 2256 ¹

282 2278 361 2319 hoc
377 2277 564 2333 temporis
580 2276 750 2330 spatium
762 2293 774 2317 ε
794 2276 972 2330 primum
987 2276 1050 2316 edi
1067 2278 1113 2316 A.
1134 2276 1324 2316 Cremutii
1341 2275 1454 2316 cordi

282 2350 447 2404 scripta,
475 2346 614 2387 deinde
640 2345 807 2386 Metilius
827 2347 1042 2388 sacerdotio
1063 2346 1177 2400 fungi
1193 2358 1311 2403 atque
1327 2347 1450 2397 mori,

284 2430 370 2460 tum
397 2421 539 2460 Marcia
566 2434 638 2475 per
667 2429 744 2458 tres
771 2432 892 2458 annos
925 2420 1152 2470 continuos,
1183 2430 1222 2459 et
1247 2419 1368 2469 ultra,
1397 2417 1455 2456 lu-

243 2510 245 2512 ·
281 2505 368 2544 gere
381 2520 394 2542 ,
421 2502 620 2545 postremo
649 2488 866 2532 Consolatio
893 2506 915 2531 a
943 2491 1087 2533 Seneca
1117 2492 1297 2545 componi
1323 2488 1446 2529 debe-
