1848 3122
1002 292 1103 346 100·

436 423 588 471 bitatus
622 424 762 484 populi
795 424 962 468 Romani
996 425 1183 484 princeps
1220 433 1451 471 excesserat.
1519 424 1558 469 5.
1598 425 1656 469 At

438 518 547 547 nunc
569 503 699 558 exigui
718 503 907 558 temporis
932 501 1100 544 adiectio
1123 503 1277 557 fastigio
1299 503 1415 545 illum
1436 518 1509 547 suo
1529 503 1655 560 depu-

436 579 496 620 lit.
555 576 666 620 Vidit
699 577 873 634 legiones
905 578 947 619 in
981 585 1198 635 conspectu
1232 590 1306 619 suo
1338 591 1490 621 caesas:
1529 580 1571 621 et
1607 591 1655 619 ex

432 653 504 695 illo
540 652 714 710 proelio,
753 654 796 694 in
824 668 907 710 quo
933 655 1062 710 prima
1094 653 1195 695 acies
1220 659 1381 695 senatus
1404 652 1506 708 fuit,
1534 667 1657 711 quam

432 728 607 772 infelices
640 724 836 785 'reliquiae
872 736 989 782 sunt,
1032 728 1313 784 imperatorem
1349 728 1483 784 ipsum
1515 743 1658 784 super-

431 804 575 848 fuisse!
615 805 716 848 vidit
750 804 991 862 Aegyptium
1017 802 1268 858 carnificem,
1298 811 1339 846 et
1362 810 1656 847 sacrosanctum

432 881 649 924 victoribus
671 896 816 938 eorpus
838 880 1001 923 satelliti
1021 880 1243 936 praestitit,
1273 881 1427 923 etiamsi
1449 880 1658 923 incolumis

433 956 573 1000 fuisset
604 957 890 1015 poenitentiam
917 955 1055 999 salutis
1078 964 1252 999 acturus.
1312 957 1419 1010 Quid
1441 958 1548 999 enim
1572 963 1657 998 erat

432 1036 616 1090 turpius,
666 1048 789 1089 quam
830 1033 1067 1088 Pompeium
1112 1015 1243 1074 vivere
1280 1033 1475 1075 beneficio
1519 1030 1654 1088 regis?

474 1193 599 1242 Regis.
623 1193 722 1228 Hane
733 1192 927 1228 lectionem
936 1202 1018 1227 eon·
1057 1195 1116 1226 cte
1160 1191 1309 1238 collegit
1347 1192 1564 1236 Gronovius,
1611 1198 1654 1228 ut

425 1260 480 1291 tra
497 1255 696 1291 Gruterum
713 1259 750 1304 et
762 1254 924 1301 Lipsium
941 1253 1018 1287 vin-
1057 1252 1150 1288 mihi
1169 1253 1331 1304 videtur,
1350 1255 1467 1289 vivere
1483 1253 1651 1300 beneficio

424 1316 549 1351 dicare
588 1321 737 1352 conatus
780 1320 832 1350 est
868 1326 1020 1360 magnus
1056 1315 1150 1362 regis
1170 1314 1340 1361 Pompejo
1361 1322 1461 1362 impe
1482 1314 1651 1350 futurum

423 1377 636 1413 Gronovius.
660 1375 772 1423 Lipsii
789 1380 910 1411 tamen
928 1386 1017 1410 eon-
1055 1374 1176 1411 fuisse.
1220 1375 1290 1411 Sed
1309 1375 1392 1411 ideo
1411 1387 1485 1412 non
1506 1377 1542 1410 ei
1556 1376 1652 1411 nihil

417 1439 563 1485 jactura
577 1450 645 1485 pro
659 1439 769 1486 regia,
784 1437 942 1485 gregalis
959 1436 1016 1471 le—
1055 1438 1195 1484 turpius
1213 1438 1371 1485 suisset,
1401 1442 1444 1472 ut
1464 1449 1509 1472 ex
1533 1437 1651 1472 verbis

420 1499 539 1547 gentis
570 1511 644 1535 non
667 1510 741 1534 esse
766 1497 912 1533 videtur
931 1509 1014 1533 eon·
1054 1498 1143 1545 quid
1161 1499 1256 1533 enim
1278 1505 1353 1534 erat
1371 1498 1534 1547 turpino?
1560 1503 1649 1534 tunc

419 1561 625 1597 temnenda.
659 1561 750 1596 Nam
769 1560 836 1595 etsi
855 1559 1015 1595 concedo
1053 1566 1174 1596 tamen
1195 1566 1417 1608 sequeretur.
1456 1562 1648 1608 Turpioni,

420 1622 600 1657 Gronovio
616 1628 714 1668 turpe
732 1620 900 1655 futurum
908 1619 1016 1653 ruisse
1054 1633 1148 1666 quae
1200 1621 1370 1666 Pompejo
1421 1622 1647 1666 acciderant,

419 1682 594 1729 Pompejo
622 1683 739 1717 vivere
767 1680 937 1726 beneficio
960 1692 1018 1714 re-
1054 1680 1133 1727 ipse
1147 1686 1321 1716 memorat
1336 1682 1479 1718 Seneca.
1504 1681 1555 1717 De
1566 1681 1647 1717 Bre-

418 1746 497 1793 gie,
517 1744 646 1790 »quia‚
664 1742 761 1777 utin
777 1746 862 1776 nota
871 1741 922 1776 ait
932 1741 1015 1776 Gro-
1054 1741 1119 1776 vit.
1139 1741 1241 1776 Vitae
1264 1741 1354 1777 XIV.
1375 1742 1401 1790 §
1425 1743 1457 1778 1.
1483 1744 1536 1779 At
1553 1744 1648 1779 idem

418 1805 569 1850 novius,
611 1803 718 1838 iHum
755 1802 905 1838 decebat
939 1807 1014 1838 tan·
1045 1809 1170 1851 postea
1213 1803 1460 1840 Alexandrina
1491 1803 1647 1852 perfidia

417 1865 609 1903 tummodo
622 1877 753 1912 regum
771 1876 844 1900 esse
863 1864 1013 1910 ducem,
1052 1864 1213 1911 deceptus
1226 1892 1236 1908 ,
1289 1865 1413 1900 ultimo
1464 1866 1646 1913 mancipio

417 1928 564 1976 regibus
595 1926 875 1962 denuntiarent
902 1925 1014 1973 impe·
1051 1925 1356 1973 transfodiendum
1394 1939 1431 1962 ce
1468 1927 1645 1974 praebuit.

418 1991 551 2034 ritare,
575 2001 679 2036 reges
698 1988 931 2024 beneficarios
949 1988 1012 2023 ha·
1050 1986 1113 2033 Ep.
1134 1986 1193 2022 IV.
1214 1986 1242 2035 §
1262 1988 1285 2023 5
1319 1987 1376 2023 De
1403 1986 1568 2036 Pomqui
1587 2001 1643 2025 ea-

416 2051 505 2086 here
531 2055 569 2085 et
598 2050 757 2085 clientes.
806 2049 880 2084 Nee
901 2049 1011 2084 hone·
1042 2048 1121 2095 pite
1143 2048 1307 2095 pupillus
1340 2055 1374 2083 et
1399 2049 1507 2096 spado
1536 2050 1644 2085 tulere

419 2117 516 2149 etum
536 2117 587 2147 est
607 2116 759 2159 patrono
779 2111 875 2147 insta
896 2112 1011 2147 bene-
1048 2111 1270 2146 sententiam.
1319 2109 1414 2147 lhid.
1444 2109 1470 2159 §
1491 2110 1516 2147 6
1533 2117 1568 2146 et
1587 2112 1642 2146 in-

416 2174 499 2210 fieia
510 2186 573 2209 sua
578 2173 701 2220 jacere
713 2177 750 2207 et
760 2173 1010 2209 clientelarum
1047 2173 1183 2221 telliqes
1193 2200 1205 2218 ,
1234 2185 1306 2208 non
1317 2174 1509 2221 pauciores
1529 2186 1640 2209 cervo-

415 2236 569 2284 gratiam
591 2240 628 2271 et
653 2235 884 2274 clementiam
904 2246 1009 2281 expe·
1045 2245 1126 2268 rum
1155 2234 1213 2268 ira
1243 2234 1427 2278 cecidisse,
1457 2246 1563 2280 quam
1588 2247 1640 2270 re-

413 2298 494 2334 riri.
524 2297 614 2341 Quia
633 2308 744 2343 quem
764 2296 922 2343 populus
941 2296 1007 2333 Ro·
1042 2308 1142 2344 gum.
1199 2295 1257 2331 sio
1290 2294 1461 2341 Pompej0
1493 2307 1639 2344 quoque

412 2358 543 2394 man‘us
574 2356 714 2392 dixerat
743 2356 929 2402 Magnum,
963 2370 1006 2394 eo
1044 2356 1204 2403 turpius,
1221 2361 1261 2391 ut
1273 2355 1365 2390 mihi
1374 2354 1533 2402 videtur,
1549 2357 1636 2393 fuis·

408 2419 595 2455 neminem
649 2417 885 2453 conveniebat
931 2429 1004 2454 esse
1042 2422 1095 2453 set
1112 2416 1291 2453 beneficio
1309 2416 1421 2461 semi,
1446 2429 1554 2465 quam
1572 2418 1633 2455 he-

408 2480 618 2526 majorem.''
652 2478 713 2513 llis
731 2478 932 2515 rationibus
947 2491 1000 2516 re·
1040 2478 1170 2516 nefieio
1192 2478 1288 2526 regis
1311 2478 1437 2514 vivere.
