1848 3122
994 284 1037 320 18

486 411 564 452 Sed
583 414 718 465 filium
747 411 930 450 Marciae
957 422 1050 454 non,
1066 410 1138 459 diu
1160 410 1319 460 daturi,
1347 408 1423 448 Dii
1446 411 1604 449 immor-

433 485 534 522 tales
565 483 702 521 statim
737 482 858 520 talem
891 479 1102 530 dederam,
1138 481 1273 532 qualis
1300 481 1371 520 diu
1398 480 1500 533 effici
1521 494 1604 533 po-

437 562 513 594 test
536 552 638 606 (XII.
668 554 692 605 §
722 551 779 605 4.)
834 549 989 592 Relictis
1018 548 1170 589 duabus
1197 548 1352 590 filiabus
1375 550 1480 604 (XVI
1499 553 1522 604 §
1541 550 1599 605 6),

434 623 602 664 Metilius
643 633 768 662 morte
801 633 957 677 ereptus
984 632 1042 661 est
1065 620 1222 672 juvenis
1248 620 1398 660 infelici
1420 621 1603 671 Marciae,

434 707 535 749 quae
573 702 727 748 patrem
766 694 996 734 morientem
1036 692 1173 732 misere
1208 690 1376 743 viderat,
1420 693 1604 734 maritum

433 778 642 819 unumque
679 763 805 803 filium
834 765 920 816 jam
953 762 1106 803 tumulo
1139 762 1380 803 condiderat.
1433 762 1481 801 N
1479 765 1604 803 ullum

433 850 516 876 non
541 836 729 877 acerbum
745 834 886 888 funus
915 842 975 875 eet
1001 834 1109 888 quod
1133 848 1287 888 parem
1314 834 1515 888 coquitur,
1545 835 1606 874 ait

436 916 572 947 noster
597 906 720 946 XVII.
749 909 772 959 §
801 909 849 957 63
878 905 947 945 sed
965 905 1147 957 juvenis,
1173 905 1216 944 in
1244 905 1343 944 flore
1368 904 1518 956 aetatis,
1545 919 1606 945 or-

437 979 520 1019 nati
555 978 794 1028 honoribus,
821 978 1007 1018 instructi
1034 977 1267 1028 virtutibus,
1294 976 1363 1017 sed
1386 976 1523 1017 Metilii
1546 977 1605 1017 fu-

434 1064 509 1090 nus
536 1049 637 1105 quid
662 1050 777 1089 matri
799 1049 918 1090 fuerit
945 1047 1054 1089 haud
1077 1048 1265 1104 equidem
1288 1047 1411 1089 facile·
1423 1048 1600 1089 dixerim.

434 1121 576 1161 Omnes
606 1119 882 1159 consolationes
907 1121 1057 1171 rejecit.
1099 1119 1246 1159 Tertius
1256 1120 1341 1171 jam
1354 1120 1602 1174 praeterierat

428 1205 553 1230 annus
563 1220 576 1242 ,
593 1205 685 1230 cum
700 1190 858 1230 interim
873 1188 975 1229 nihil
992 1203 1040 1229 ex
1057 1189 1188 1244 primo
1203 1188 1271 1229 illo
1292 1189 1433 1230 doloris
1450 1190 1601 1246 impetu

432 1262 635 1302 cecidisset
652 1260 766 1315 (cap.
785 1261 815 1300 1.
834 1264 859 1313 S
879 1263 904 1300 6
919 1271 958 1301 et
976 1263 1000 1313 §
1020 1261 1077 1314 7).
1112 1261 1164 1301 At
1179 1260 1258 1301 hoc
1273 1271 1331 1301 est
1347 1270 1500 1316 tempus
1519 1275 1602 1317 quo

432 1332 580 1373 Seneca
606 1332 812 1382 Marciam,
843 1331 922 1371 hoc
946 1319 1049 1370 libro
1076 1330 1266 1371 consolari
1294 1343 1454 1372 conatus
1477 1342 1548 1373 est.

486 1403 641 1442 Praeter
678 1402 782 1441 hanc
815 1401 1117 1441 consolationem
1144 1401 1296 1453 nullus,
1326 1412 1521 1457 quantum
1545 1403 1603 1442 in-

430 1482 620 1528 terpretes
642 1483 903 1524 monuerunt,
930 1483 1054 1513 exstat
1073 1471 1183 1513 locus
1207 1472 1250 1512 in
1274 1473 1506 1528 antiquitate
1530 1474 1602 1514 ubi

430 1543 575 1584 diserta
601 1543 767 1584 Marciae
798 1543 946 1583 mentio
970 1545 1143 1584 occurrit
1157 1573 1169 1594 ‚
1197 1544 1274 1583 nisi
1302 1544 1435 1584 Dionis
1458 1543 1525 1585 ille
1549 1543 1601 1585 de

430 1614 543 1654 libris
569 1613 689 1654 Cordi
704 1613 862 1655 servatis
880 1627 1003 1668 quem
1017 1613 1144 1654 attuli.
1184 1614 1458 1669 Suspicionem
1473 1625 1602 1657 tamen
1641 1658 1644 1661 ζ

432 1685 668 1739 quamdam,
696 1685 738 1723 in
764 1699 885 1738 quam
910 1684 1035 1723 incidi
1062 1699 1188 1738 quum
1210 1685 1330 1724 Taciti
1356 1686 1430 1725 An.
1460 1686 1547 1726 Lib.
1569 1687 1601 1726 I.

433 1756 530 1811 cap.
548 1755 596 1795 V.
619 1753 791 1806 legebam
803 1784 815 1805 ,
843 1740 914 1794 etsi
931 1769 1013 1795 non
1029 1755 1264 1807 argumentis
1280 1756 1370 1797 satis
1387 1756 1599 1810 firmatam,

432 1838 562 1867 tamen
604 1826 711 1865 haud
753 1825 1054 1879 improbabilem
1095 1826 1322 1880 proseram3
1372 1830 1602 1881 praesertim

431 1912 559 1953 quum
587 1896 720 1936 dubiis
748 1894 987 1951 quibusdam
1001 1926 1013 1947 ,
1042 1911 1142 1951 quae
1169 1911 1230 1937 me
1255 1897 1299 1936 in
1330 1896 1406 1937 hac
1435 1898 1603 1940 consola-

428 1970 535 2009 tione
549 1982 702 2023 semper
716 1966 914 2008 offendere
926 1997 939 2019 ,
965 1967 1182 2009 satisfaciat.
1237 1968 1318 2009 Gur
1337 1968 1487 2009 scilicet
1503 1979 1602 2011 tacet

434 2041 576 2081 Seneca
601 2041 645 2079 in
672 2050 752 2080 tota
776 2039 852 2079 hac
877 2039 1146 2080 Consolatione
1174 2040 1224 2080 de
1244 2040 1408 2081 Marciae
1429 2041 1601 2083 marito?

431 2111 528 2151 Nam
548 2112 666 2152 verba
693 2125 714 2150 e
740 2110 836 2164 Cap.
852 2110 972 2151 XVII.
999 2113 1023 2164 §
1049 2112 1081 2151 l.
1096 2113 1193 2163 jam
1208 2114 1321 2165 patri
1341 2112 1507 2153 Senecae
1521 2127 1602 2152 esse

432 2181 613 2221 nondum
638 2192 685 2221 ut
709 2179 866 2221 credam
890 2180 1106 2235 perductus
1132 2195 1220 2220 sum
1238 2181 1334 2235 (vid.
1352 2183 1484 2237 nota)3
1513 2193 1552 2223 et
1567 2184 1601 2223 si

434 2263 562 2292 essent
592 2253 756 2293 Senecae
770 2282 782 2303 ,
823 2251 907 2291 huc
939 2262 1066 2291 tamen
1097 2252 1197 2293 nihil
1224 2252 1422 2294 facerent..
1460 2253 1599 2309 Itaque

434 2324 594 2375 insignis
610 2324 730 2364 fuerit
745 2337 859 2364 causa
873 2338 1026 2363 necesse
1041 2335 1099 2364 est
1122 2340 1195 2365 cur
1213 2325 1288 2365 hac
1305 2324 1355 2363 de
1373 2339 1415 2363 re
1436 2327 1599 2368 tacuerit

432 2395 593 2436 Seneca.
646 2394 764 2434 Taciti
791 2394 899 2435 locus
925 2395 957 2434 si
987 2394 1036 2434 ad
1065 2397 1245 2437 Marciam
1266 2405 1436 2438 nostram
1461 2398 1596 2439 referri

430 2476 583 2521 posset,
610 2464 761 2507 nodum
775 2464 909 2517 solvit,
938 2466 1041 2508 Anu.
1070 2467 1157 2509 Lib.
1175 2467 1208 2508 Ι.
1228 2466 1322 2521 Cap.
1342 2467 1388 2507 V.
