1848 3122
987 329 1046 372 88

418 472 549 521 mpet.
612 465 663 505 Er
680 464 711 504 it
721 464 939 521 Dionysius
965 464 1047 506 illic
1069 472 1282 521 tyrannus,
1311 465 1535 520 libertatis,
1557 466 1623 507 iu-

413 541 561 593 stitiae,
602 538 736 595 legum
776 540 964 595 exitium,
1003 539 1276 583 dominationis
1311 539 1482 598 cupidus
1505 541 1624 585 etiam

410 623 502 671 post
524 615 751 669 Platonem,
780 618 884 658 vitae
908 617 1027 659 etiam
1052 624 1142 673 post
1168 615 1370 657 exsilium:
1397 618 1492 659 alios
1517 625 1626 660 uret:

410 690 506 733 alios
534 691 783 745 verberabit,
821 692 917 735 alios
940 693 993 734 ob
1014 692 1140 733 levem
1164 689 1351 734 offensam
1372 691 1529 735 iubebit·
1552 692 1626 734 de-

409 768 609 820 truncari:
640 776 809 811 arcesset
835 769 888 810 ad
915 768 1121 809 libidinem
1142 782 1270 810 mares
1292 767 1560 824 feminasque,
1583 776 1626 811 et

406 844 510 886 inter
534 843 669 886 foedos
689 845 820 900 regiae
847 844 1174 901 intemperantiae
1200 857 1336 900 greges
1358 857 1500 900 parum
1524 843 1622 897 erit,

408 920 528 962 simul
552 921 657 963 binis
682 921 800 962 coire.
849 920 889 961 5.
921 920 1079 962 Audisti
1101 919 1201 976 quid
1223 927 1264 961 te
1291 921 1454 961 invitare
1476 920 1623 975 possit,

409 995 511 1052 quid
531 995 771 1038 absterrere:
790 996 957 1053 proinde
976 1003 1045 1038 aut
1067 996 1228 1052 naviga,
1254 1002 1325 1038 aut
1342 995 1492 1037 resiste.
1531 995 1627 1037 Post

406 1071 512 1113 hanc
547 1072 910 1125 denuntiationem,
939 1073 973 1114 si
1005 1073 1095 1127 quis
1121 1068 1284 1113 dixisset
1314 1071 1459 1112 intrare
1482 1084 1526 1112 se
1551 1070 1627 1126 Sy-

404 1159 564 1188 racusas
597 1145 724 1199 velle,
763 1146 909 1188 satisne
939 1147 1086 1188 iustam
1109 1143 1315 1201 querelam
1339 1144 1391 1185 de
1416 1143 1523 1197 ullo,
1551 1143 1627 1185 nisi

405 1221 458 1262 de
482 1235 548 1274 se,
577 1221 724 1262 habere
751 1229 909 1277 posset,
946 1222 1018 1277 qui
1039 1235 1121 1263 non
1151 1220 1351 1262 incidisset
1375 1219 1529 1273 imilla,
1554 1219 1626 1261 sed

406 1295 585 1353 prudens
626 1296 834 1352 sciensque
872 1295 1074 1338 venisset?
1145 1296 1249 1338 Dicit
1287 1295 1472 1337 omnibus
1511 1294 1626 1336 nobis

403 1380 567 1415 natura:
606 1373 811 1416 Neminem
851 1372 1019 1430 decipio.
1092 1373 1155 1415 Tu
1191 1372 1226 1415 si
1260 1372 1363 1415 filios
1395 1371 1625 1426 sustuleris,

402 1450 553 1506 poteris
589 1449 736 1491 habere
773 1448 983 1502 formosos,
1020 1449 1168 1505 poteris
1201 1456 1243 1491 et
1271 1447 1488 1491 deformes:
1522 1456 1565 1490 et
1591 1448 1625 1490 si

400 1524 565 1568 fortasse
588 1525 663 1567 tibi
686 1525 806 1567 multi
833 1531 1069 1578 nascentur,
1099 1538 1184 1567 esse
1208 1538 1258 1566 ex
1280 1523 1357 1567 illis
1381 1523 1623 1581 aliquis'tam

401 1609 576 1643 servator
607 1585 787 1656 patriae,
809 1614 931 1655 quam
952 1599 1132 1654 proditor
1149 1600 1309 1654 poterit.
1368 1599 1410 1640 6.
1450 1600 1538 1641 Non
1564 1606 1627 1641 est

404 1675 517 1732 quod
539 1675 725 1732 desperes
748 1681 884 1716 tantae>
898 1673 1134 1729 dignationis
1154 1672 1331 1727 futuros,
1351 1680 1398 1715 ut
1417 1687 1533 1715 nemo
1549 1673 1625 1716 tibi

404 1758 571 1807 propter
610 1751 699 1793 illos
732 1750 968 1792 maledicere
1003 1749 1164 1791 audeat:
1205 1762 1383 1806 propone
1417 1756 1552 1791 tamen
1583 1756 1626 1791 et

449 1903 539 1937 Post
558 1901 742 1937 Platonem
764 1928 774 1937 .
787 1929 797 1937 .
811 1929 820 1937 .
835 1907 920 1948 post
935 1911 992 1935 ea·-
1031 1899 1058 1948 §
1080 1899 1136 1935 11.
1170 1899 1413 1947 Γαρίἀίἰαιιιηι
1432 1887 1628 1934 vanitatem

400 1965 535 2000 silium.
561 1964 696 2000 Omisso
715 1964 818 1999 verbi
839 1962 994 2009 alicujus
1031 1968 1229 1996 nostrarum
1256 1973 1351 2005 sero,
1373 1966 1457 2008 post
1477 1960 1625 1996 multum

399 2025 601 2072 participio.
656 2025 701 2059 In
720 2036 765 2060 eo
785 2023 994 2060 recentioris
1025 2023 1218 2071 pudorem,
1261 2022 1511 2070 intelligamus.
1573 2021 1624 2057 De

400 2086 482 2121 aevi
502 2087 690 2132 scriptores
708 2085 778 2120 sibi
797 2086 991 2132 placuisse,
1033 2084 1143 2120 Clcm.
1165 2084 1201 2129 Ι,
1220 2084 1280 2120 xl.
1302 2083 1328 2132 §
1347 2084 1380 2120 1.
1407 2083 1531 2119 Fuerit
1548 2094 1624 2118 mo-

400 2147 518 2182 rarius
538 2148 587 2183 ita
606 2148 708 2194 loqui
728 2147 894 2194 antiquos
913 2159 992 2194 pro·
1032 2146 1171 2181 aeratus
1185 2152 1218 2180 et
1230 2146 1396 2181 clemens:
1411 2157 1532 2192 nempe
1541 2152 1625 2191 post

401 2220 460 2243 sae
487 2209 675 2255 scriptores
703 2208 825 2244 docuit
857 2209 912 2243 vir
940 2208 990 2244 Cl.
1033 2207 1228 2243 Perusinae
1262 2220 1362 2251 aras,
1404 2213 1437 2241 et
1464 2207 1624 2253 proscri-

400 2268 542 2305 Peerlk.
566 2270 750 2316 adjiorat.
772 2270 849 2306 Lib.
864 2269 893 2304 I.
917 2269 991 2305 Ode
1024 2270 1176 2317 ptiones.
1208 2268 1270 2315 Ep.
1294 2267 1409 2303 CXIX.
1433 2265 1458 2314 §
1479 2265 1514 2302 8.
1536 2267 1623 2303 Post

399 2329 516 2366 XVIII
554 2331 600 2366 ad
637 2331 764 2366 verba:
807 2331 888 2378 qais
909 2338 991 2378 post
1031 2332 1185 2367 Darium
1216 2338 1250 2366 et
1280 2330 1390 2365 Indos
1412 2341 1550 2378 pauper
1571 2338 1622 2367 est

396 2395 486 2429 vina
506 2398 576 2428 cet.
1029 2393 1233 2428 Alexander
1242 2390 1397 2427 Macedo.
1412 2390 1489 2427 Nat.
1502 2391 1619 2436 Q.111.

445 2455 488 2489 Et
520 2465 604 2489 sane
636 2453 801 2499 plurimis
829 2453 879 2488 sic
904 2453 990 2489 locis
1027 2454 1141 2490 Praes.
1153 2454 1223 2502 §6.
1250 2451 1493 2489 Hannibal...
1511 2454 1620 2490 eliam

397 2516 535 2562 scripsit
559 2515 709 2551 Seneca:
730 2515 777 2551 de
790 2515 916 2562 Tranq.
927 2515 985 2553 XI.
1020 2523 1102 2564 post
1125 2514 1380 2562 Karthaginem
1396 2515 1577 2561 pertinax.
