1848 3122
1025 273 1082 315 82

450 410 594 452 cretiae
629 408 808 451 Brutum.
870 409 915 450 In
952 420 1033 464 qua
1065 406 1279 462 Cloeliam,
1320 413 1519 451 contemto
1551 406 1666 449 hoste

453 494 495 528 et
518 486 706 537 flumine,
734 483 789 525 ob
814 484 1006 540 insignem
1031 483 1238 526 audaciam
1264 491 1421 527 tantum
1446 497 1526 527 non
1549 483 1592 525 in
1610 483 1666 524 vi-

454 577 517 604 ros
541 559 872 615 transcripsimus.
930 547 1113 617 Equoetri
1136 558 1308 601 insidens
1333 567 1511 615 statuae,
1540 561 1582 602 in
1602 574 1665 602 sa-

450 651 518 679 cra
545 636 630 690 via,
660 635 918 678 celeberrimo
950 635 1059 689 loco,
1096 634 1242 677 Cloelia
1273 635 1485 690 exprobrat
1515 635 1668 678 iuveni-

453 713 532 755 bus
557 713 701 755 nostris
733 712 945 768 pulvinum
967 709 1293 764 ascendentibus,
1321 711 1363 751 in
1385 724 1431 751 ea
1450 710 1539 753 illos
1566 712 1667 754 urbe

450 789 507 831 sic
543 788 719 844 ingredi,
759 788 800 828 in
831 801 914 844 qua
947 787 1067 828 etiam
1095 785 1258 828 feminas
1291 800 1395 843 equo
1420 786 1665 829 donavimus.

453 864 494 907 2.
538 864 656 918 Quod
680 864 755 907 tibi
773 864 807 906 si
828 854 888 906 vis
911 862 1092 919 exempla
1118 861 1254 904 referri
1279 861 1536 916 feminarum,
1564 875 1668 919 quae

452 955 544 983 suos
579 940 733 983 fortiter
764 940 1109 992 desideraverunt,
1147 953 1229 981 non
1259 938 1430 981 ostiatim
1456 952 1666 996 quaeram:

452 1030 502 1059 ex
538 1032 618 1059 una
653 1017 729 1059 t'fhi
762 1016 907 1057 familia
943 1016 1043 1057 duas
1076 1015 1274 1058 Cornelias
1309 1015 1426 1057 dabo.
1495 1016 1668 1057 Primam

447 1091 641 1147 Scipionis
686 1091 811 1132 filiam
825 1122 838 1144 ,
880 1090 1153 1151 ,Gracchorum
1194 1099 1374 1132 matrem.
1447 1091 1669 1134 Duodecim

446 1166 516 1208 illa
538 1172 700 1222 partus,
730 1165 897 1207 totidem
919 1164 1127 1207 funeribus
1150 1166 1387 1221 recognovit.
1430 1165 1497 1215 ‚Et
1522 1166 1575 1208 de
1600 1180 1669 1209 ce-

447 1242 542 1284 teris
577 1241 692 1285 facile
725 1249 808 1296 est,
845 1255 947 1298 quos
973 1255 1049 1283 nec
1067 1241 1217 1295 editos,
1246 1255 1321 1284 nec
1346 1242 1507 1285 amissos
1532 1242 1668 1285 civitas

449 1318 585 1360 sensit.
644 1318 704 1360 Ti.
732 1318 981 1371 Gracchum,
1004 1325 1045 1360 et
1069 1317 1230 1371 Caium,
1249 1331 1349 1374 quos
1368 1319 1487 1360 etiam
1510 1319 1581 1375 qui
1596 1319 1667 1361 bo·

448 1407 521 1435 nos
552 1394 656 1435 viros
688 1394 911 1448 negaverit,
941 1407 1102 1449 magnos
1130 1393 1343 1447 fatebitur,
1373 1401 1414 1435 et
1438 1395 1585 1437 occisos
1608 1395 1669 1437 vi-

446 1468 509 1511 dit
541 1476 584 1510 et
618 1468 860 1525 insepultos:
901 1468 1195 1511 consolantibus
1234 1476 1367 1511 tamen
1405 1470 1669 1527 miseramque

446 1542 695 1596 dicentibus,
718 1544 957 1600 Nunquam,
979 1544 1132 1600 inquit,
1152 1558 1232 1585 non
1250 1543 1406 1587 felicem
1429 1559 1494 1587 me
1513 1545 1667 1600 dicam,

450 1633 554 1676 quae
576 1619 776 1661 Gracchos
804 1620 955 1676 peperi.
1016 1618 1057 1660 3.
1098 1620 1278 1661 Cornelia
1305 1621 1403 1662 Livii
1421 1622 1561 1674 Drusi,
1585 1622 1669 1663 cla-

449 1695 651 1738 rissimum
691 1695 874 1736 iuvenem
888 1727 901 1749 ,
943 1694 1106 1737 illustris
1143 1695 1310 1752 ingenii,
1350 1696 1559 1739 vadentem
1597 1712 1670 1756 per

451 1771 679 1814 Gracchana
715 1772 898 1827 vestigia,
935 1770 1176 1828 imperfectis
1208 1780 1269 1815 tot
1287 1773 1577 1829 rogationibus,
1605 1775 1670 1816 in-

447 1854 510 1889 tra
536 1854 700 1904 penaten
732 1848 988 1889 interemtum
1013 1862 1105 1890 suos
1128 1849 1333 1903 amiserat,
1361 1849 1512 1892 incerto
1536 1850 1668 1895 caedis

503 1977 655 2013 Tamum
673 1987 746 2011 non
763 1976 788 2011 i.
800 1988 832 2012 e.
852 1975 947 2020 fere,
966 1974 1041 2011 vid.
1083 1982 1234 2012 caeteros
1248 1977 1389 2013 attinet.
1431 1976 1489 2013 sic
1507 1976 1672 2016 Martialis

451 2037 546 2074 nuk.
570 2038 617 2073 ad
632 2038 778 2073 Florum
797 2038 837 2073 in
856 2037 978 2073 indice
997 2037 1044 2073 ad
1081 2037 1160 2074 Lib.
1185 2038 1216 2075 I.
1240 2038 1304 2085 Ep.
1328 2038 1419 2075 XIX.
1445 2051 1495 2074 vs.
1521 2040 1560 2074 5:

452 2099 607 2135 verbum
631 2106 781 2135 tantum.
1082 2103 1130 2134 Do
1158 2104 1252 2134 nohis
1273 2103 1378 2146 facile
1397 2110 1462 2135 ese.-
1493 2103 1601 2136 scelus
1619 2112 1671 2137 ue

505 2160 561 2196 De
592 2161 715 2196 ceteris
727 2160 847 2207 facila
865 2167 927 2195 m.
962 2159 1042 2195 Bra·
1181 2160 1344 2204 jugulam
1361 2160 1543 2193 Falernum.

455 2221 535 2257 vior
565 2221 712 2257 dicendi
743 2221 853 2256 ratio:
888 2232 971 2267 pro:
1001 2222 1041 2256 de
1132 2221 1189 2256 lbi
1219 2222 1260 2257 de
1279 2223 1382 2257 nobie
1397 2222 1516 2270 facile
1535 2228 1588 2257 eet
1604 2234 1669 2257 ex-

456 2285 581 2321 ceteris
616 2284 792 2321 comolari
819 2283 938 2332 facile
972 2291 1041 2330 eet,
1081 2283 1258 2331 plicatur:
1287 2297 1351 2320 nos
1369 2284 1539 2333 jugulare
1550 2286 1669 2333 facile

454 2346 556 2394 quod
575 2346 726 2381 verbum
746 2357 767 2380 e
783 2345 948 2392 sequenti
963 2358 1041 2381 ccm-
1080 2352 1143 2382 eet.

452 2408 650 2445 colantibus
694 2406 932 2455 repetendum
977 2413 1040 2445 est.
1127 2408 1232 2444 Intra
1246 2414 1401 2457 penates.
1434 2405 1541 2455 Apud
1562 2408 1667 2445 Sene·

385 2503 389 2509 .
451 2471 508 2506 De
525 2471 673 2506 caeteris
689 2468 880 2515 significat,
896 2470 988 2515 quod
996 2470 1043 2504 ad
1078 2481 1159 2505 cam
1201 2475 1409 2515 ceterosque
1450 2469 1548 2506 illius
1587 2471 1667 2506 aevi
