1848 3122
839 302 861 340 9

273 430 449 470 tinaciam
472 428 577 468 illam
594 429 635 466 in
657 427 924 483 deploratione
945 426 1016 467 filii
1034 426 1133 468 nihil
1153 428 1270 474 boni,
1293 438 1425 469 eontra

272 501 495 556 plurimum'
515 499 605 540 mali
631 499 780 540 afferre.
1119 494 1133 498 ⁴

305 570 372 611 'ld
394 570 592 627 quomodo
614 572 756 614 Seneca
774 560 910 612 fecerit
925 573 1010 625 jam
1030 571 1246 614 videndum
1261 582 1331 613 est.
1371 572 1434 612 ln-

272 644 373 695 genii
398 640 596 699 animique
619 645 663 684 in
689 644 833 684 Marcia
848 645 1080 699 praestantia
1105 644 1294 686 celebrata
1316 644 1430 700 (Cap.

271 714 303 755 Ι.
330 716 355 767 §
385 715 525 770 1-5),
557 714 639 756 duo
663 716 698 755 ei
726 714 901 771 exempla
928 725 1016 756 ante
1041 715 1171 757 oculos
1198 716 1313 773 ponit
1341 715 1427 758 Oc-

271 788 389 829 taviae
417 799 454 828 et
485 787 636 838 Liviae3
673 802 772 843 quae
799 787 912 829 filios.
923 789 1084 841 juvenes
1111 789 1337 838 amiserant,
1365 787 1431 828 illa

272 857 521 908 Marcellum,
555 857 650 898 hacc
684 857 867 899 Drusum.
926 859 1003 900 Sed
1036 859 1191 900 Octavia
1211 859 1431 911 serendam

270 943 312 968 ee
338 929 558 969 tradiderat
583 929 728 981 dolori,
755 930 971 970 Liviavero
990 944 1073 969 mm
1097 930 1257 969 dederat
1270 930 1431 983 longum

266 1000 312 1038 in
346 1014 388 1038 ee
427 1000 550 1039 malie
579 1001 667 1038 eui:
697 1000 941 1051 dominium,
986 999 1054 1040 sed
1087 999 1164 1040 cito
1191 1000 1365 1039 animum
1388 1000 1432 1038 in

268 1069 399 1111 sedem
435 1085 544 1111 suam
577 1071 763 1126 reposuit.
825 1072 997 1122 Quarum
1034 1083 1274 1126 quantopere
1306 1072 1433 1112 Liviae

270 1140 491 1197 exemplum
512 1142 563 1182 sit
587 1141 889 1198 praeferendum
911 1142 1078 1183 ostendit
1085 1160 1099 1195 3
1129 1158 1256 1198 quum
1276 1142 1432 1184 Octavia

269 1212 403 1254 dolore
428 1213 637 1255 immodico
664 1214 741 1254 hoc
769 1225 921 1254 tantum
949 1214 1144 1255 effecerit:
1176 1226 1222 1255 ut
1245 1215 1322 1254 sibi
1345 1216 1431 1270 ipsa

265 1285 466 1336 nocuerit,
495 1298 626 1324 omnes
655 1298 768 1336 suos,
793 1286 940 1339 quibus
969 1287 1096 1326 calvis
1126 1285 1222 1326 orba
1252 1286 1335 1325 eibi
1358 1289 1429 1326 vi·—

267 1357 444 1407 derotur,
482 1355 714 1396 contumelia
745 1356 937 1397 affecerit:
973 1368 1033 1407 et,
1067 1372 1194 1411 quum
1223 1356 1431 1398 immodice

263 1426 398 1479 lugens
425 1429 583 1468 nullam
611 1428 751 1467 habero
777 1429 995 1482 imaginem
1017 1429 1099 1482 filii
1122 1430 1331 1468 cariuimo‘
1350 1429 1428 1468 vel-

266 1500 338 1545 let,
377 1500 535 1538 nullam
568 1499 613 1538 do
650 1500 718 1538 illo
751 1499 833 1538 eibi
852 1501 945 1551 fieri
969 1501 1227 1550 montionem,
1252 1499 1428 1539 recorda-

264 1570 409 1610 tionem
439 1570 523 1621 ejus
558 1568 682 1625 qualis
710 1570 821 1610 vivus
848 1569 1003 1620 fuisset,
1031 1580 1110 1611 tam
1138 1569 1254 1610 molle
1282 1569 1426 1611 doloris

264 1641 504 1691 fomentum,
539 1652 587 1679 ex
622 1650 752 1679 mente
791 1640 1002 1690 amitteret,
1040 1640 1220 1695 nihilque
1247 1644 1428 1682 memoria

264 1721 414 1752 teneret
439 1710 515 1750 nisi
540 1709 752 1751 terribilem
769 1708 871 1750 illius
895 1709 974 1751 diei
995 1711 1218 1763 imaginem,
1248 1727 1331 1768 quo
1351 1714 1429 1754 ani-

263 1797 365 1823 mam
389 1783 581 1823 efflaverat
607 1781 824 1823 Marcellus.
1276 1833 1280 1837 η

318 1853 465 1894 Liviam
488 1867 580 1894 vero
600 1854 792 1894 contraria
811 1854 945 1894 fecisse
957 1883 970 1905 ,
995 1853 1167 1909 indeque
1187 1855 1422 1906 maximnm,

264 1925 375 1981 quod
413 1937 559 1966 moesto
594 1925 769 1966 accidere
806 1926 951 1979 possit,
990 1925 1236 1966 commodum
1277 1928 1424 1982 cepisse

266 1994 381 2036 docet
415 1996 583 2046 Seneca3
617 2006 662 2036 ut
688 1993 857 2045 scilicet,
886 1995 1022 2038 Druso,
1041 2010 1113 2035 suo
1140 1997 1321 2051 privatim
1347 1999 1424 2037 sibi

265 2078 305 2108 et
328 2066 456 2122 palam
481 2067 631 2122 ubique
652 2067 995 2121 repraesentando,
1024 2067 1149 2118 filius,
1171 2067 1295 2123 qualis
1314 2069 1423 2110 vivus

265 2136 430 2189 solebat,
468 2138 600 2178 matris
628 2138 752 2178 menti
779 2137 910 2178 hilaris
939 2148 981 2179 et
1008 2153 1100 2179 cum
1126 2138 1266 2191 gaudio
1290 2154 1426 2183 occur-

261 2221 376 2251 reret.
429 2209 525 2264 cap.
552 2209 711 2250 lI-VI.

317 2281 384 2323 Sic
422 2281 567 2322 Seneca
602 2282 645 2320 in
676 2281 882 2321 moerentis
913 2291 1051 2337 pectus
1079 2281 1190 2337 quasi
1215 2281 1424 2323 introitum

264 2352 340 2390 sibi
372 2353 545 2407 paravit,
578 2362 787 2406 antequam
817 2353 1000 2391 morbum
1034 2353 1164 2408 ipsum
1200 2368 1335 2393 curare
1365 2369 1425 2406 ag-

265 2422 499 2474 grederetur.
554 2423 633 2465 Cur
662 2437 752 2465 vero
778 2434 915 2465 auctor
945 2425 988 2465 in
1012 2424 1089 2466 hoc
1111 2424 1243 2467 libello
1271 2426 1421 2468 inverso

264 2493 418 2546 ordine,
456 2507 500 2537 ut
538 2497 621 2550 ipse
656 2496 795 2537 fatetur
830 2496 925 2551 Cap.
964 2498 1024 2548 11,
1064 2499 1203 2549 egerit,
1241 2508 1279 2537 et
1309 2497 1422 2551 prius
