1848 3122
758 268 816 310 95

186 400 329 443 inferos
355 398 505 442 faciunt
530 398 744 453 terribiles,
772 395 950 442 fabulam
972 411 1078 452 oese;
1106 396 1237 440 nullas
1264 397 1394 440 immi-

185 488 280 519 nere
316 474 481 517 mortuis
514 474 715 529 tenebras,
754 490 828 519 nec
861 489 1079 530 carcerem,
1119 488 1195 517 nec
1230 472 1399 516 flumina

188 551 393 607 flagrantia
413 553 527 608 igne,
549 566 624 595 nec
639 551 848 595 oblivionis
868 566 1045 605 amnem,
1069 567 1144 595 nec
1165 550 1402 604 tribunalia,

189 635 231 671 et
256 642 364 683 reos,
393 636 434 670 et
459 629 500 670 in
523 629 593 670 illa
616 629 802 672 libertate
823 637 907 671 tam
926 630 1015 677 ,laxa
1041 630 1143 672 ullos
1169 631 1314 671 iterum
1336 635 1402 685 ty-

190 718 344 748 rannos.
404 705 602 748 Luserunt
636 706 711 749 ista
740 708 904 763 poetae,
940 714 981 748 et
1005 706 1113 748 vanis
1136 719 1207 748 nos
1230 705 1404 761 agitave-

187 794 230 822 re
262 780 490 823 terroribus.
549 779 590 822 4»
632 781 735 823 Mors
770 782 948 824 omnium
979 782 1164 824 dolorum
1192 789 1234 822 et
1259 780 1404 823 solutio

187 864 247 900 est
268 864 311 899 et
329 856 439 898 finis:
470 855 576 897 ultra
594 871 716 912 quam
736 857 839 898 mala
861 865 994 899 nostra
1015 870 1097 898 non
1119 863 1285 909 exeunt,
1302 867 1406 911 quae

189 945 262 974 nos
296 932 338 972 in
367 931 476 972 illam
505 932 832 988 tranquillitatem
845 963 858 984 ,
894 933 936 973 in
964 946 1069 987 qua,
1085 939 1309 986 ‚antequam
1336 943 1409 971 na-

190 1019 415 1061 sceremur,
450 1006 642 1050 innuimus
655 1038 668 1062 ‚
698 1006 865 1065 reponit.
925 1007 966 1049 Si
993 1014 1241 1049 mortuorum
1268 1004 1409 1062 aliquis

190 1084 423 1136 miseretur,
468 1091 510 1125 et
549 1098 630 1126 non
667 1092 849 1127 natorum
885 1084 1127 1126 misereatur.
1192 1083 1297 1131 Mors
1335 1095 1410 1124 nec

191 1151 345 1202 bonum
373 1172 447 1201 neo
481 1159 632 1202 malum
664 1167 738 1202 est.
797 1159 845 1202 Id
872 1160 978 1201 enim
1003 1167 1135 1216 potest
1158 1165 1228 1200 aut
1256 1158 1408 1201 honum

189 1241 261 1276 aut
289 1233 440 1276 malum
463 1248 573 1288 esse,
609 1235 720 1291 quod
746 1235 898 1291 aliquid
923 1243 1001 1277 oet:
1030 1235 1141 1291 quod
1160 1248 1253 1296 vero
1275 1234 1409 1289 ipsum

237 1366 410 1409 Fabulam
430 1379 513 1402 esse.
538 1366 637 1403 Hanc
657 1367 781 1402 lectio·
819 1366 908 1402 »hoc
931 1373 982 1401 eet
1010 1367 1203 1401 servitu-59²
1224 1363 1410 1412 sequentia

187 1439 275 1462 nem
308 1439 330 1462 e
366 1427 506 1463 duobus
535 1428 639 1464 codd.
680 1427 781 1462 dedit
818 1438 905 1462 vero
935 1427 1014 1462 loca
1044 1426 1244 1462 defendunt
1281 1426 1410 1461 lectio-

190 1488 408 1534 Gronovius,
450 1489 578 1525 tertius
605 1488 779 1525 hahebat:
819 1500 925 1523 nem:
959 1488 1025 1524 illa
1059 1515 1068 1524 .
1083 1515 1091 1523 .
1105 1513 1115 1523 .
1141 1488 1309 1536 fabulam
1331 1487 1410 1536 (aut

190 1550 333 1591 fabulas
365 1563 449 1585 ease.
503 1551 697 1596 Utramque
725 1550 782 1585 le-
811 1548 977 1596 fabulae)
1031 1550 1095 1595 Ep.
1126 1550 1193 1586 CV.
1238 1550 1262 1597 §
1293 1549 1317 1584 2
1351 1550 1412 1584 Et

186 1610 348 1645 ctionem
363 1621 478 1657 aeque
493 1611 620 1657 probat
634 1610 691 1645 vir
710 1621 783 1645 ma·
824 1610 985 1644 omnibus
1019 1611 1120 1654 istis,
1155 1611 1239 1646 adeo
1278 1610 1414 1645 levissi-

190 1684 293 1719 gnus.
343 1672 418 1707 Nisi
439 1684 540 1707 error
558 1684 618 1707 me
649 1672 785 1718 decipit
823 1672 918 1705 m'um
945 1678 996 1706 est
1023 1679 1215 1707 contemtus
1247 1671 1336 1720 (non
1358 1671 1415 1707 le-

190 1732 428 1780 praeferenda
456 1737 509 1767 est
526 1733 679 1780 fabulas
699 1745 781 1768 eece.
822 1729 1010 1778 vissimus).

191 1794 255 1840 Ep.
269 1792 434 1828 LXXXH.
455 1792 481 1841 §
506 1793 659 1829 15'istas
670 1794 782 1842 salm-
869 1793 931 1840 Ep.
943 1793 1009 1828 CX.
1026 1793 1052 1841 §
1063 1793 1085 1829 3
1101 1801 1135 1829 et
1152 1796 1287 1829 intuens
1294 1822 1306 1839 ‚
1325 1794 1415 1841 quid

193 1855 348 1909 laenesse.
367 1854 430 1901 Ep.
446 1854 592 1889 LXXIX.
608 1854 634 1903 §
654 1854 671 1889 1
697 1855 783 1891 Cha-
821 1855 895 1889 sint
925 1867 979 1890 res
1007 1862 1162 1900 nostrae,
1202 1854 1291 1904 (non
1323 1868 1412 1903 quae

192 1916 315 1963 rybdis
339 1928 387 1951 an
414 1917 617 1964 respondeat
628 1917 783 1964 sabulis.
822 1914 921 1963 sint).
968 1916 1019 1952 De
1047 1916 1167 1952 Benef.
1200 1917 1267 1952 ΙΙΙ.
1303 1917 1412 1953 XVII.

185 1977 325 2014 'Contra
344 1978 384 2013 in
405 1978 596 2025 tragoediis
612 1978 786 2025 singulari
827 1978 921 2026 Quid
928 1979 1122 2026 impotem?
1143 1980 1231 2026 quid
1238 1979 1413 2015 crudelis?

195 2051 362 2074 numero.
395 2038 519 2075 Troad.
550 2039 623 2075 406
653 2044 689 2074 et
714 2040 783 2075 371
825 2040 1008 2088 Impunita
1026 2047 1065 2075 tu
1086 2040 1198 2075 credis
1216 2054 1308 2087 esse,
1324 2054 1413 2090 quae

186 2107 332 2149 fabula,
382 2106 451 2139 Sed
479 2107 518 2138 in
544 2107 719 2139 addendis
741 2108 786 2139 ad
825 2108 945 2139 invisa
974 2116 1066 2140 sunt.
1116 2109 1256 2140 Gaudet
1281 2110 1322 2140 in
1341 2110 1415 2141 hu—

195 2166 295 2198 notas
322 2160 471 2208 corrigit
497 2161 697 2199 Gronovius
720 2173 787 2210 pro
821 2162 980 2210 jusmodi
1002 2162 1165 2199 formulis
1185 2168 1303 2200 noster
1323 2176 1417 2200 neu-

180 2224 262 2265 ·illa
297 2257 305 2266 .
321 2256 352 2265 ..
376 2224 543 2276 fabulam
577 2239 669 2264 esse:
702 2226 787 2265 illas
826 2229 882 2265 tro
918 2225 1070 2276 plurali,
1114 2231 1155 2265 ut
1190 2226 1268 2276 jam
1310 2242 1422 2280 supra*

189 2287 341 2333 fabulas
374 2300 464 2334 ease:
497 2291 533 2321 et
566 2287 689 2322 addit:
720 2288 788 2322 »Ut
826 2289 1005 2323 monitum
1048 2293 1117 2333 est3
1161 2289 1245 2325 ideo
1278 2291 1417 2326 retineo

182 2344 341 2384 >»1,ih.1.
363 2347 411 2385 de
427 2346 515 2385 cl.8
535 2347 629 2393 Ista,
651 2347 786 2397 inquit,
825 2349 921 2387 hanc
951 2349 1160 2387 lectionem:
1202 2351 1275 2389 Illa
1282 2380 1292 2399 ‚
1327 2363 1415 2401 quae

198 2410 372 2445 »cervicae
397 2419 459 2447 est.
508 2412 566 2446 Sic
592 2411 689 2446 enim
708 2423 788 2446 ma-
825 2414 929 2448 nohis
957 2416 1090 2462 inferos
1103 2416 1256 2461 faciunt
1274 2416 1416 2450 tem-ihi-

199 2469 303 2505 »lunt
351 2471 468 2507 Latini
515 2472 637 2509 dicere
677 2484 787 2521 quam
827 2474 893 2520 les,
910 2475 1060 2523 fabulas
1084 2488 1167 2512 esse.
