1848 3122
807 292 864 335 49

271 419 336 460 IV.
372 418 454 461 Nee
478 426 519 460 te
543 420 595 461 ad
623 420 781 465 fortiora
798 426 944 470 ducam
970 440 1179 491 praecepta
1193 465 1205 488 ‚
1237 443 1283 477 ut
1309 437 1427 481 inhu-

212 507 328 536 mano
358 492 460 537 ferre
491 494 663 540 humana
698 497 856 545 iubeam
888 504 1031 560 modo,
1072 516 1117 551 ut
1150 512 1239 568 ipso
1271 511 1430 558 funebri

209 570 277 612 die
305 571 440 615 0011105
475 575 610 617 matris
643 576 858 621 exsiceem:
894 582 947 623 ad
975 583 1167 629 arbitrum
1195 596 1331 632 tecum
1358 607 1427 633 ve-

209 646 335 689 niam:
362 646 438 691 hoe
460 648 563 692 inter
589 664 662 694 nos
690 661 928 711 quaeretur,
964 666 1129 704 »utrum
1149 678 1316 721 magnus
1339 682 1426 711 esse

211 721 406 777 »debeat,
434 738 486 766 an
504 734 722 782 perpetuus
749 730 907 773 dolor.''
936 734 1024 777 Non
1044 738 1211 795 dubito,
1233 744 1333 798 quin
1356 745 1425 787 Li-

206 797 291 840 viae
315 797 538 857 Augustae,
571 796 693 860 quani
726 805 968 854 familiariter
991 813 1173 870 coluisti,
1202 821 1324 876 magis
1348 822 1424 866 tibi

204 874 358 930 placeat
379 876 617 933 exemp!um.
678 880 719 922 2.
750 883 822 925 Illa
846 892 887 926 te
902 887 954 927 ad
977 902 1098 939 suum
1121 893 1330 940 consilium
1351 911 1423 939 vo-

202 956 288 991 cat:
316 949 384 992 illa
400 951 443 992 in
462 953 592 1008 primo
616 954 767 999 fervore
780 989 793 1012 ‚
822 973 951 1015 quum
973 965 1144 1007 maxime
1169 967 1422 1024 impatientes

202 1023 430 1084 ferocesque
456 1035 552 1070 sunt
572 1030 774 1085 miseriae,
804 1047 847 1075 se
868 1036 1146 1081 consolandam
1165 1041 1269 1085 Areo
1288 1045 1423 1101 philo·

201 1099 327 1157 sopho
348 1101 421 1144 viri
441 1103 503 1145 sui
522 1104 732 1161 praebuit,
760 1114 801 1149 et
822 1109 997 1154 multum
1017 1126 1103 1156 eam
1122 1129 1207 1159 rem
1228 1119 1423 1175 profuisse

201 1175 277 1217 sibi
313 1176 487 1220 confessa
521 1186 604 1222 eat:
645 1180 738 1237 plus
774 1197 895 1239 quam
933 1188 1133 1243 populum
1167 1193 1388 1239 Romanum
1406 1231 1419 1253 ,

199 1264 320 1307 quem
352 1252 512 1295 nolebat
546 1255 700 1298 tristem
722 1257 882 1301 tristitia
902 1262 975 1304 sua
998 1261 1148 1308 faeere:
1176 1268 1269 1324 plus
1296 1286 1420 1329 quam

199 1324 448 1382 Augustum,
472 1331 542 1386 qui
564 1330 766 1375 subducto
784 1334 909 1378 altero
928 1338 1169 1385 adminiculo
1197 1346 1419 1402 titubabat,

196 1413 271 1442 1100
302 1401 416 1445 luctu
444 1418 607 1447 suorum
625 1406 874 1453 inclinandus
901 1420 1007 1457 erat:
1034 1415 1130 1472 plus
1153 1433 1275 1476 quam
1296 1422 1415 1467 Tibe-

194 1476 298 1518 rium
319 1477 472 1533 filium,
502 1482 615 1525 cuius
640 1483 767 1539 pietas
790 1485 987 1531 efficiebat
1001 1520 1013 1543 ‚
1044 1499 1090 1533 ut
1113 1494 1156 1534 in
1178 1495 1248 1537 illo
1271 1499 1414 1543 acerbo

194 1558 235 1592 et
267 1551 416 1596 defleto
449 1556 636 1611 gentibus
674 1557 837 1615 funere,
875 1562 979 1606 nihil
1005 1565 1082 1608 sibi
1104 1570 1180 1612 nisi
1200 1583 1414 1618 numerum

192 1625 329 1669 deesse
346 1629 522 1672 sentiret.
582 1631 683 1687 Hie,
712 1641 760 1677 ut
781 1637 941 1693 opinor,
970 1639 1104 1685 aditus
1128 1643 1187 1686 illi
1212 1646 1311 1702 fuit,
1337 1648 1414 1693 hoc

193 1694 433 1760 principium
457 1706 566 1762 apud
587 1707 771 1752 feminam
793 1712 987 1767 opinionis
1007 1731 1103 1760 suae
1116 1722 1323 1765 custodem
1346 1726 1412 1768 di-

188 1851 324 1887 Areum
346 1860 467 1899 postea
487 1857 623 1893 Liviam
649 1860 776 1895 adhor-
814 1863 855 1897 in
884 1864 953 1899 hac
985 1867 1080 1910 vita,
1114 1870 1153 1903 in
1185 1878 1301 1909 morte
1333 1887 1406 1912 non

187 1916 322 1949 tantem
340 1915 503 1953 videmus
529 1918 611 1967 Cap.
634 1919 674 1958 V.
690 1920 717 1971 §
738 1920 776 1970 3)
813 1923 979 1971 quietum
1003 1939 1077 1965 esse
1103 1942 1175 1968 non
1200 1945 1312 1980 posse.

186 1975 234 2009 ad
252 1978 516 2023 convictusfilii
533 1982 589 2016 tui
597 2008 605 2023 ,
626 1983 674 2017 ad
681 1996 775 2029 pue-
861 1986 1108 2026 Inclinandu-s.
1149 1993 1322 2032 Similiter
1340 1999 1404 2046 Ep.

184 2036 268 2071 riles
297 2037 511 2085 blanditiae,
541 2040 611 2078 1100
631 2043 661 2077 si
679 2043 774 2080 filins
812 2044 898 2082 XCI.
908 2046 935 2096 §⁸
946 2047 980 2084 3.
1016 2050 1115 2088 Haec
1129 2057 1249 2093 omnia
1260 2057 1403 2097 Libera·

183 2098 462 2144 animadvertat,
513 2113 599 2137 eum
641 2106 773 2150 gaudio
812 2107 857 2142 lis
878 2112 992 2145 nostri
1011 2115 1176 2159 affectum
1203 2120 1404 2167 inclinant,

182 2159 378 2205 perfundes
405 2165 442 2196 et
469 2162 592 2208 quiete
614 2163 770 2202 fovebis:
811 2168 976 2207 adversm
1005 2185 1072 2209 sua
1096 2175 1259 2223 firmum·
1273 2187 1307 2216 et
1328 2194 1404 2219 ere-

181 2219 232 2256 sie
264 2234 349 2258 eum
373 2223 512 2259 meliore
535 2237 647 2272 pones
673 2228 771 2274 loc0;
810 2236 917 2268 ctum.

181 2291 267 2316 nam
288 2287 329 2317 ut
346 2288 451 2320 antea
466 2284 506 2319 in
521 2285 668 2333 lugubri
684 2301 770 2326 eum
860 2293 1049 2341 Opinionis
1069 2310 1164 2336 suae.
1213 2301 1324 2342 Recte
1344 2306 1399 2343 Li-

182 2346 275 2378 statu
293 2347 439 2392 versari,
456 2359 529 2395 quo
544 2354 695 2386 mortem
709 2351 770 2387 ob·
810 2354 918 2400 psius:
935 2370 1023 2404 »pro
1039 2361 1300 2402 existimatione
1317 2369 1401 2404 alie·

183 2404 296 2449 iisset,
320 2398 486 2454 putabas,
511 2410 561 2445 sie
586 2415 673 2448 tune
691 2424 771 2459 per-
811 2419 918 2452 »na.''
966 2419 1024 2455 Ad
1052 2420 1172 2470 Polyb.
1202 2425 1290 2464 XXI.
1315 2428 1343 2476 §³
1362 2430 1395 2465 5.

182 2465 307 2513 spicies
322 2466 498 2513 juvenem
526 2476 598 2508 tam
618 2473 771 2520 probum
812 2475 976 2527 Eriperes
986 2484 1045 2517 illi
1055 2485 1179 2522 bonam
1190 2491 1399 2534 opinionem.

1204 2552 1231 2592 4
