1848 3122
805 310 861 351 77

223 444 477 499 adoptionem
492 441 631 484 dedit:
659 455 760 499 quos
786 443 862 485 sibi
882 448 1122 496 servaverat,
1147 440 1303 483 extulit.
1333 441 1439 494 Qua-

225 521 283 563 les
315 526 489 562 retentos
521 527 664 577 putas,
702 534 830 577 quum
863 521 969 563 inter
1005 518 1273 562 commodatos
1311 518 1444 575 Scipio

223 595 393 639 fuisset?
451 595 492 638 3.
533 580 622 639 Non
653 596 739 639 sine
773 604 888 639 motu
919 610 1087 638 vacuum
1121 595 1250 638 Paulli
1278 609 1444 638 currum

220 672 395 729 populus
431 673 633 715 Romanus
662 672 865 730 adspexit:
902 673 1152 715 concionatus
1182 680 1242 715 est
1275 680 1412 714 tamen
1427 702 1441 724 ,

225 757 267 791 et
299 750 380 806 egit
410 749 485 792 diis
522 749 663 804 gratias
676 780 689 803 ,
728 749 838 806 quod
872 763 1033 807 compos
1061 749 1142 793 voti
1169 747 1298 790 factus
1323 753 1440 789 oeset.

224 810 435 869 Precatum
460 826 568 866 enim
590 839 656 879 se,
686 833 733 867 ut
754 827 789 868 si
812 823 990 882 quid'ob
1013 826 1215 879 ingentem
1239 824 1443 865 victoriam

221 901 392 943 invidiae
422 899 602 942 dandum
620 908 746 955 esset,
779 900 823 941 id
845 914 917 942 suo
939 900 1096 956 potius,
1126 913 1250 954 quam
1275 898 1442 955 publico

218 977 367 1018 damno
389 970 618 1019 solveretur.
677 976 796 1018 Vides
816 989 941 1032 quam
962 988 1105 1031 magno
1125 974 1257 1015 animo
1275 971 1443 1015 tulerit?

225 1051 399 1094 Orbitati
431 1063 526 1099 suae
557 1049 777 1107 gratulatus
807 1057 880 1092 est.
940 1050 1118 1106 Ecquem
1143 1049 1267 1105 magis
1290 1055 1447 1104 poterat

224 1140 382 1170 movere
418 1134 529 1169 tanta
562 1123 764 1168 mutatio?
830 1125 976 1167 Solatia
1002 1124 1123 1167 simul
1155 1132 1278 1181 atque
1301 1123 1445 1166 auxilia

223 1204 421 1261 perdidit:
458 1217 539 1245 non
565 1202 729 1258 contigit
761 1209 895 1244 tamen
927 1202 1082 1244 tristem
1115 1200 1302 1244 Paullum
1333 1201 1444 1243 Persi

223 1280 370 1322 videre.

280 1356 384 1399 XIV.
427 1354 536 1408 Quid
567 1347 676 1397 nunc
708 1360 750 1395 te
781 1366 856 1410 per
883 1351 1184 1395 innumerabilia
1210 1364 1444 1408 magnorum

223 1416 398 1473 virorum
424 1429 604 1487 exempla
636 1429 805 1483 ducam,
834 1436 876 1471 et
900 1442 1087 1485 quaeram
1113 1428 1299 1481 miseros,
1329 1427 1442 1483 quasi

222 1520 303 1548 non
332 1506 532 1549 difficilius
566 1506 642 1559 sit,
676 1506 851 1547 invenire
876 1503 1042 1547 felices?
1101 1505 1230 1557 Quota
1256 1517 1442 1561 quaeque

223 1582 368 1625 domus
393 1596 523 1639 usque
557 1582 611 1624 ad
643 1582 794 1624 exitum
822 1580 1006 1624 omnibus
1035 1581 1218 1637 partibus
1239 1581 1322 1623 suis
1346 1594 1442 1623 con-

225 1759 357 1795 Tamen
395 1759 467 1793 ista
512 1765 627 1794 vestm
666 1760 813 1795 nomina
851 1760 1071 1796 mutatione?
1094 1765 1174 1796 tum
1186 1766 1328 1809 poterat
1347 1761 1444 1796 acci-

219 1832 410 1866 numquam
428 1833 506 1855 sum
524 1821 729 1856 admiratus.
754 1821 812 1856 lbi
849 1821 1026 1867 piendum
1047 1833 1088 1856 ac
1102 1822 1132 1856 si
1146 1827 1236 1856 esset
1247 1828 1368 1869 posset
1383 1821 1442 1870 (ut

219 1880 317 1918 cons.
341 1880 524 1917 Graevius.
850 1881 934 1930 Cap.
950 1882 980 1918 Ι.
999 1881 1161 1932 arserat),
1180 1887 1217 1919 et
1236 1882 1439 1930 intelligen-

273 1944 434 1979 Tulerit?
481 1944 734 1992 lutei-rogandi
762 1944 812 1980 si-
850 1944 956 1980 dnm:
990 1945 1145 1992 aliquem
1174 1945 1304 1980 Paullo
1333 1945 1440 1993 infir-

218 2018 334 2054 gnum
349 2005 555 2041 delendum
578 2011 678 2053 puto.
806 2055 810 2059 ¹
850 2006 1018 2043 miorem?
1052 2006 1100 2042 At
1113 2007 1143 2042 si
1160 2007 1321 2043 abessent
1329 2007 1442 2043 verba

264 2069 423 2115 Ecquem
453 2068 570 2116 magis
590 2080 668 2115 sqq.
718 2067 812 2104 Haec
850 2060 973 2114 anaia,
990 2069 1108 2105 multo
1125 2069 1255 2106 melius
1269 2069 1442 2106 caderent

216 2131 327 2166 verba
347 2141 448 2166 mora
464 2134 501 2165 et
517 2129 731 2177 scrupulum
745 2130 811 2165 mi-
849 2137 1004 2180 quatuor
1042 2132 1193 2168 ultimae
1222 2133 1439 2169 sententiae:

216 2191 259 2226 hi
278 2191 461 2238 injiciunt.
496 2190 610 2226 Nemo
630 2190 812 2227 editorum
853 2192 890 2228 V
887 2192 962 2228 ides
980 2205 1085 2240 quam
1104 2185 1233 2243 magno
1248 2195 1369 2229 animo
1388 2200 1440 2229 tu-

218 2265 262 2289 ea
281 2253 412 2301 tetigit.
447 2253 499 2289 Ex
517 2252 812 2289 antecedentibus
851 2254 953 2291 len-it.-
978 2255 1122 2290 orln'tati
1140 2268 1225 2291 cuae
1240 2256 1441 2304 gratulatus

217 2314 434 2361 colligebam
467 2313 635 2349 Paullum
659 2313 812 2349 minime
851 2323 913 2352 eet.
941 2316 1079 2352 Solatia
1095 2317 1323 2364 simulatque
1338 2318 1440 2353 auxi-

216 2380 357 2412 motum
395 2376 505 2412 fuisse
544 2375 613 2412 hac
650 2374 810 2412 filiorm
850 2377 904 2413 lia
923 2378 1098 2427 perdidit:
1129 2391 1201 2414 mm
1221 2380 1370 2427 contigit
1388 2384 1438 2413 ta-

217 2441 345 2473 morte.
395 2438 507 2474 Tento
524 2442 661 2474 autem:
683 2439 812 2486 ecquid
850 2452 930 2475 men
967 2442 1100 2477 tristem
1138 2441 1304 2477 Paullum
1335 2440 1440 2475 Persi

215 2499 330 2549 magis
365 2506 505 2547 poterae
538 2512 673 2537 movere
710 2506 809 2537 tanta
849 2501 978 2538 videre.
