1848 3122
991 300 1073 342 116

428 437 479 479 rit
513 437 680 486 animas;
707 435 933 491 excipitque
957 433 1072 476 illum
1097 443 1233 477 coetus
1253 448 1386 489 sacer,
1419 434 1617 491 Scipiones
1630 466 1642 488 ‚

425 514 697 566 Catonesque,
727 510 868 566 utique
899 517 1162 553 contemtores
1186 511 1315 564 vitae,
1344 519 1385 552 et
1411 512 1546 553 mortis
1571 510 1645 551 be-

433 587 573 630 neficio
592 586 722 628 liberi.
783 585 824 627 2.
856 588 1000 630 Parens
1020 595 1136 641 tuus,
1163 586 1330 639 Marcia,
1360 586 1443 628 illic
1462 593 1647 644 nepotem

433 677 576 716 suum,
605 675 851 718 quamquam
876 662 958 705 illic
979 663 1161 704 omnibus
1187 675 1304 703 omne
1328 669 1540 717 cognatum
1564 669 1647 714 est,

435 738 609 795 applicat
636 738 733 791 sibi,
762 752 863 779 nova
885 738 976 780 luce
998 737 1261 792 gaudentem,
1290 745 1331 779 et
1356 737 1575 779 vicinorum
1602 738 1649 784 si-

434 814 576 855 derum
599 821 753 855 meatus
775 813 914 867 docet,
936 827 1010 855 nee
1033 827 1081 854 ex
1102 813 1360 867 coniecturis,
1383 812 1454 855 sed
1474 812 1652 854 omnium

436 905 484 931 ex
512 904 606 931 vero
629 891 802 946 peritus,
831 891 874 931 in
897 903 1037 932 arcana
1062 890 1227 931 naturae
1257 889 1386 931 libens
1408 888 1533 930 ducit.
1577 888 1653 929 Ut-

438 980 518 1022 que
540 967 765 1022 ignotarum
791 966 953 1008 urbium
973 973 1213 1008 monstratus
1236 965 1384 1023 hospiti
1410 971 1544 1021 gratus
1569 969 1654 1016 est,

439 1043 495 1083 ita
518 1043 733 1084 sciscitanti
754 1042 983 1084 coelestium
1007 1056 1164 1095 causas,
1187 1042 1426 1084 domesticus
1449 1041 1653 1096 interpres.

437 1118 484 1159 In
510 1115 707 1173 profunda
734 1124 927 1158 terrarum
944 1116 1173 1173 permittere
1192 1118 1317 1158 aciem
1336 1117 1462 1158 iuvat:
1484 1115 1655 1158 delectat

439 1194 545 1234 enim
568 1206 616 1234 ex
638 1193 720 1234 alto
743 1192 882 1234 relicta
905 1193 1112 1248 respicere.
1157 1190 1197 1232 3.
1229 1192 1293 1234 Sic
1314 1193 1472 1248 itaque,
1492 1192 1656 1245 Marcia,

439 1277 482 1310 te
516 1282 627 1324 gere,
667 1275 857 1325 tanquam
891 1267 969 1310 sub
1002 1267 1125 1310 oculis
1163 1268 1287 1324 patris
1322 1268 1475 1324 filiique
1502 1269 1630 1325 posita
1645 1299 1657 1321 ‚

442 1357 523 1385 non
549 1343 709 1385 illorum
734 1357 835 1399 quos
861 1356 1046 1395 noveras,
1075 1342 1147 1385 sed
1171 1350 1284 1384 tanto
1313 1343 1659 1395 excellentiorum,

441 1427 483 1461 et
513 1420 556 1460 in
583 1434 739 1462 summo
771 1420 1011 1462 locatorum:
1049 1418 1238 1461 erubesce
1263 1419 1482 1476 quidquam
1509 1419 1661 1462 humile

442 1502 513 1536 aut
545 1495 727 1550 vulgare,
757 1503 798 1537 et
818 1503 989 1537 mutatos
1009 1495 1051 1536 in
1073 1495 1217 1537 melius
1239 1503 1329 1537 tuos
1353 1495 1463 1538 flere.
1524 1497 1570 1538 In
1594 1509 1660 1536 ae-

442 1578 556 1611 terna
578 1584 713 1613 rerum
740 1585 813 1628 per
835 1579 946 1614 vasta
967 1578 1009 1612 et
1035 1571 1159 1613 libera
1184 1573 1310 1628 spatia
1338 1572 1519 1615 dimissos
1532 1604 1544 1626 ‚
1581 1585 1661 1614 non

445 1646 534 1688 illos
550 1646 741 1688 interfusa
755 1648 879 1687 maria
895 1645 1149 1700 discludunt,
1167 1659 1241 1687 nec
1258 1647 1427 1688 altitudo
1446 1648 1639 1689 montium
1649 1679 1660 1700 ,

447 1729 517 1763 aut
550 1721 651 1765 imae
683 1720 827 1774 valles,
864 1728 934 1762 aut
964 1721 1112 1762 incerta
1138 1720 1237 1762 vada
1259 1721 1456 1778 Syrtium:
1486 1723 1661 1765 tramites

446 1797 577 1838 omnia
595 1796 729 1852 plani,
760 1803 801 1838 et
824 1810 871 1838 ex
899 1795 1004 1838 facili
1029 1796 1195 1839 mobiles
1209 1828 1221 1850 ,
1250 1804 1292 1838 et
1314 1797 1510 1853 expediti,
1540 1805 1580 1839 et
1602 1799 1663 1838 in—

446 1874 572 1915 vicem
592 1873 717 1928 pervii
740 1879 833 1914 sunt
846 1904 857 1925 ,
888 1873 1182 1928 intermixtique
1210 1873 1417 1916 sideribus.

504 1949 642 1991 XXVI.
688 1949 790 1991 Puta
830 1949 964 2005 itaque
1000 1962 1048 1990 ex
1085 1948 1152 1990 illa
1191 1962 1281 1991 arce
1316 1949 1474 1993 coelesti
1510 1958 1662 2007 patrem

497 2125 593 2159 Puta
618 2126 751 2171 itaque.
805 2124 901 2160 Bene
933 2125 1037 2161 Sene·
1079 2125 1161 2172 Cap.
1183 2125 1258 2161 LII.
1308 2125 1378 2161 Sed
1392 2129 1564 2172 quantam
1580 2123 1668 2160 huic

449 2196 490 2219 ca
521 2189 686 2219 veterum
719 2184 1038 2221 illustrissimorum
1077 2186 1231 2232 figurae,
1249 2187 1289 2221 in
1300 2186 1372 2221 fine
1387 2184 1561 2222 'orationis
1569 2196 1667 2231 prae-

449 2246 614 2292 exemplo
644 2245 739 2281 hanc
769 2246 881 2292 patris
906 2248 1038 2282 mortui
1078 2249 1200 2283 sertim
1216 2249 1370 2296 positae,
1385 2249 1461 2283 vim
1477 2247 1670 2282 tribuerint

447 2308 738 2354 prosopopoeiam
759 2307 800 2342 in
821 2307 931 2342 finem
953 2308 1039 2344 libri
1077 2308 1428 2357 ¹antiqui,Euripidiz²›
1437 2307 1620 2345 declarant
1628 2309 1669 2344 hi

447 2368 597 2404 distulit.
645 2368 857 2415 Hujusmodi
875 2381 1037 2418 prosopo-
1077 2383 1199 2407 versus
1211 2384 1255 2408 ex
1267 2370 1411 2407 Hecuba
1425 2369 1493 2406 130
1503 2382 1579 2418 sqq.
1604 2370 1671 2407 De-

446 2430 572 2476 poeiae
619 2430 787 2476 pulcrum
832 2432 1037 2476 exemplum
1075 2434 1232 2469 liberant
1247 2432 1373 2467 Graeci
1391 2420 1514 2468 utrum
1524 2432 1668 2480 Polyxe-

442 2491 649 2540 suppcditat
665 2491 735 2527 Cic.
753 2493 791 2527 in
807 2490 888 2528 Ver.
907 2492 982 2529 Lib.
996 2493 1036 2530 V.
1076 2507 1160 2531 nam
1168 2493 1667 2531 umbraeAchillismactaturi
