1848 3122
778 303 856 360 101

202 435 244 484 6.
274 431 328 475 Μ.
354 432 490 476 Cicero
513 429 547 474 si
570 444 618 474 eo
641 438 841 490 tempore,
869 447 953 491 quo
975 433 1164 477 Catilinae
1188 433 1289 477 sicas
1305 433 1410 477 devi-

201 509 324 562 tavit,
363 508 510 565 quibus
543 509 693 568 pariter
716 523 810 551 cum
833 510 962 566 patria
993 512 1141 567 petitus
1171 519 1253 565 est,
1283 511 1417 553 conci-

200 584 347 639 disset,
375 584 540 627 liberate
576 584 799 642 Republica
833 594 1081 629 conservator
1111 588 1215 630 eius:
1243 587 1277 629 si
1299 587 1417 629 deni-

200 675 281 719 que
307 660 412 703 filiae
433 674 529 704 suae
553 661 672 704 fimus
695 668 858 704 secutus
876 660 1036 717 fuisset,
1065 663 1183 705 etiam
1204 670 1302 705 tunc
1321 662 1417 705 felix

199 738 300 780 mori
333 738 478 795 potuit.
537 737 625 778 Non
660 737 820 780 vidisset
855 739 1011 781 strictos
1044 739 1087 780 in
1121 738 1249 780 civilia
1284 738 1417 795 capita

199 827 429 856 mucrones:
457 825 532 854 neo
565 811 689 855 divisa
713 814 1011 870 percussoribus
1038 814 1258 857 occisorum
1284 814 1414 868 bona,

199 896 248 931 ut
266 889 386 930 etiam
410 888 463 928 de
488 901 561 930 suo
582 889 778 945 perirent:
806 902 888 930 non
908 889 1062 931 hastam
1085 889 1305 931 consularia
1327 904 1416 945 spo-

190 963 252 1005 *lia
280 963 539 1006 vendentem:
566 977 642 1007 neo
663 949 803 1007 eaedes
815 994 829 1019 ,
857 977 935 1006 nec
959 963 1089 1007 locata
1109 963 1273 1022 publice
1295 964 1419 1007 latro-

247 1200 416 1238 Liberata
446 1201 627 1249 republica
658 1211 791 1236 eomer-
829 1207 882 1237 ter
917 1211 997 1236 eum
1019 1200 1144 1248 patria
1175 1200 1312 1247 petitae
1347 1204 1420 1243 est,

200 1269 301 1298 vator
320 1264 407 1311 eines.
457 1263 570 1298 Locus
588 1267 789 1309 corruptus.
830 1261 978 1296 liberata
1001 1261 1199 1309 Republica
1219 1260 1422 1305 occidisset,

199 1323 488 1370 Interpolationis
519 1323 718 1359 accusanda
740 1323 793 1358 vi·
831 1328 1052 1356 conservator
1079 1323 1175 1370 qius,
1205 1323 1242 1356 si
1272 1321 1423 1368 denique

199 1383 353 1421 debatur
380 1384 510 1432 Lipsio.
568 1385 614 1420 In
639 1385 793 1432 quihus-
821 1382 928 1429 filiae
943 1395 1028 1417 suae
1036 1384 1158 1431 funus
1171 1389 1311 1418 secutus
1326 1383 1420 1426 fuic-

198 1444 282 1480 dam
295 1445 396 1480 libris
413 1445 522 1491 hujus
532 1445 603 1481 loci
615 1447 792 1481 nonnulla
828 1449 901 1487 set,
935 1444 1043 1478 etiam
1080 1450 1165 1479 tunc
1190 1444 1292 1490 felia·
1329 1443 1422 1478 mori

199 1506 308 1543 verba
321 1518 394 1543 non
408 1501 656 1545 inveniuntur.
681 1507 791 1555 Lipsii
821 1504 955 1553 potuit.
1273 1542 1289 1559 a
1332 1553 1335 1557 .

197 1567 312 1603 codex
335 1572 475 1604 tantum
492 1568 622 1603 habet:
644 1569 792 1618 liberata
877 1566 915 1600 Si
934 1566 1058 1601 Cicero
1084 1566 1205 1601 statim
1227 1570 1305 1612 post
1325 1565 1421 1601 libe-

197 1629 379 1678 republica
405 1635 613 1676 senatusque
633 1629 792 1677 suisset,
830 1630 945 1661 ratam
973 1625 1246 1673 Rempublicam
1275 1626 1423 1662 cecidis-

199 1692 402 1725 etiammmo
424 1690 525 1737 felia·
543 1691 637 1723 mori
652 1691 792 1735 potuit,

199 1750 298 1786 unde
319 1749 493 1795 conjecit:
519 1745 666 1784 libe'rata
690 1759 791 1796 repu-

198 1812 293 1847 blica
333 1817 545 1858 senatuque,
587 1811 790 1846 etiamnunc

196 1873 292 1921 felia·
315 1873 406 1907 mori
417 1872 549 1919 potuit.
609 1870 792 1907 Sententia

200 1945 325 1970 rerum
355 1932 432 1969 fere
461 1931 617 1979 postulat
646 1936 688 1967 ut
708 1932 792 1968 sori-

198 1995 307 2030 batur
337 1995 455 2029 »sicae
484 1994 680 2038 derivavit,
710 1994 792 2041 (qui

198 2054 485 2103 conjurationem
527 2053 719 2101 opprimit,
762 2054 792 2090 is

198 2130 280 2154 eam
311 2124 384 2153 non
413 2115 521 2152 modo
550 2116 704 2162 devitat,
728 2115 792 2153 sed

200 2191 222 2215 a
252 2179 367 2226 patria
394 2189 503 2224 seque
534 2178 611 2224 ipso
641 2179 790 2223 avertit,

199 2246 237 2275 et
254 2241 320 2288 qui
340 2241 489 2285 devitat,
508 2251 582 2275 non
602 2245 792 2287 propterea

199 2306 254 2336 est
282 2306 507 2338 conservator
536 2300 708 2348 patriae),
740 2307 791 2337 to-

831 1692 902 1730 set,
938 1686 1109 1722 liberator
1137 1687 1216 1733 ejus
1241 1687 1334 1723 mori
1360 1700 1422 1735 po-

830 1747 921 1792 tuit,
966 1749 997 1782 si
1033 1753 1154 1794 postea
1188 1749 1305 1784 statim
1342 1755 1423 1795 post

829 1814 981 1845 mortem
1011 1808 1168 1854 Tulliae,
1198 1809 1306 1845 etiam
1331 1814 1421 1846 tune

828 1870 918 1905 felix
957 1869 1052 1905 mori
1090 1869 1218 1916 potuit.
1284 1869 1420 1906 Seneca

830 1944 904 1969 non
914 1931 1042 1979 pulcre
1057 1930 1174 1977 posuit
1183 1931 1286 1978 ecqui
1293 1932 1419 1976 fuum.

829 1994 919 2029 Nam
942 1992 1151 2038 ambiguum
1174 1996 1238 2028 est.

877 2054 933 2090 De
963 2066 1026 2089 suo
1055 2055 1224 2101 perirem.
1283 2053 1421 2101 Lipsius

829 2116 970 2153 confert
990 2128 1012 2152 e
1031 2115 1145 2152 Floro.
1168 2116 1303 2159 Misera
1314 2116 1420 2165 Reep.

830 2181 872 2214 in
890 2180 1041 2215 exitium
1059 2191 1163 2213 suum
1188 2190 1316 2213 merces
1336 2185 1421 2214 erat.

830 2240 928 2276 Addi
965 2244 1078 2287 potest
1108 2251 1129 2274 e
1160 2238 1252 2275 vell.
1286 2239 1421 2275 Patere.

831 2303 880 2338 ΙΙ.
903 2303 985 2349 Cap.
998 2300 1154 2336 XXVIII.
1180 2301 1327 2337 Primus
1344 2303 1420 2346 ille,

199 2367 329 2408 tuaque
347 2363 447 2399 loeus
466 2363 516 2398 sic
537 2361 790 2398 constituatur:
831 2369 865 2398 et
885 2365 1023 2398 utinam
1039 2362 1205 2407 ultimus,
1230 2362 1421 2408 exemplum

199 2424 234 2459 si
261 2435 300 2458 eo
323 2431 492 2471 tempore,
524 2437 593 2472 quo
615 2423 791 2459 Catilinae
823 2425 1097 2472 proscriptionis
1119 2425 1277 2468 invenit,
1301 2429 1342 2458 ut
1352 2422 1421 2469 fie-

198 2485 294 2521 eicas
320 2484 521 2531 derivavit,
543 2486 671 2533 quibus
686 2485 793 2533 pari-
829 2493 881 2521 ret
891 2487 1038 2533 quisque
1049 2498 1176 2522 merces
1188 2485 1308 2521 mortis
1317 2497 1417 2523 suae.
