1848 3122
1020 314 1075 358 38

440 467 582 500 sexum
619 462 735 497 tuum
768 452 987 511 respicere,
1016 451 1145 494 vetuit
1168 449 1220 494 ad
1243 449 1425 505 vultum,
1453 461 1575 507 quem
1600 455 1661 492 tot

441 544 633 573 annorum
665 529 854 571 continua
884 528 1066 581 tristitia,
1095 535 1143 569 ut
1168 526 1293 568 semel
1317 527 1509 581 obduxit,
1538 533 1659 569 tenet.

444 607 485 649 5.
514 607 564 649 Et
584 604 676 648 vide
698 620 823 663 quam
845 620 926 647 non
948 618 1154 661 surrepam
1174 602 1271 656 tibi,
1300 616 1376 645 nec
1387 602 1525 646 fucum
1537 603 1663 647 facere

440 681 646 725 affectibus
676 681 755 723 tuis
788 680 974 736 cogit'em.
1048 677 1223 734 Antiqua
1244 676 1348 719 mala
1369 677 1412 718 in
1434 680 1664 721 memoriam

440 757 601 801 reduxi:
630 765 673 800 et
700 757 759 799 vis
783 757 884 801 scire
908 756 1011 799 hanc
1036 768 1198 812 quoque
1224 753 1382 812 plagam
1407 768 1493 816 esse
1521 769 1664 798 sanan-

440 832 567 876 dam'?
605 833 761 877 ostendi
797 832 871 875 tihi
909 845 1035 889 aeque
1065 831 1201 887 magni
1229 830 1403 875 vulneris
1426 831 1661 874 cicatricem.

442 911 524 954 Alii
560 911 695 967 itaque
728 909 903 952 molliter
928 915 1046 964 agant
1060 938 1073 961 ,
1101 915 1144 949 et
1169 906 1446 953 blandiantur:
1473 921 1547 963 ego
1568 921 1665 950 con·

441 985 583 1041 fligere
605 1000 699 1028 cum
723 992 794 1029 tuo
813 996 991 1026 moerore
1011 982 1198 1025 constitui
1211 1014 1224 1037 ,
1244 990 1287 1025 et
1308 981 1479 1025 defessos
1498 975 1666 1024 exhaus-

439 1069 584 1119 tosque
617 1061 753 1107 oculos
767 1091 781 1116 ,
825 1061 858 1103 si
892 1073 1031 1102 verum
1065 1058 1203 1102 audire
1239 1060 1325 1113 vis,
1364 1059 1489 1114 magis
1513 1059 1591 1100 iam
1617 1072 1665 1103 ex

437 1136 751 1190 consuetudine,
778 1149 902 1192 quam
921 1148 969 1176 ex
993 1135 1188 1178 desiderio
1211 1134 1384 1177 fluentes
1397 1166 1410 1189 ‚
1433 1136 1665 1191 continebo,

440 1212 474 1255 si
495 1211 585 1254 fieri
613 1212 814 1269 potuerit,
844 1217 886 1255 te
911 1209 1068 1253 favente
1092 1209 1277 1253 remediis
1303 1210 1408 1263 tuist,
1430 1210 1493 1254 sin
1511 1211 1665 1266 minus,

489 1341 767 1389 Fucumfacere.
803 1340 978 1377 Nonnulli
992 1340 1034 1375 li·
1072 1345 1148 1375 tem
1165 1340 1261 1376 nihil
1281 1340 1383 1377 aliud
1396 1341 1596 1388 significare
1604 1354 1666 1390 po·

437 1401 498 1438 hri
516 1402 642 1448 scripti
661 1402 797 1437 habent
805 1404 951 1450 furtum
963 1403 1036 1449 fa-
1073 1406 1140 1436 test
1154 1401 1242 1436 nisi:
1261 1403 1382 1447 malis,
1400 1415 1466 1449 per
1475 1415 1571 1450 quae
1580 1401 1666 1439 M'ar-

436 1474 530 1508 cere,
564 1462 665 1510 quod
699 1462 839 1510 Lipsius
861 1461 1031 1510 praefert.
1072 1461 1130 1498 cia
1150 1462 1276 1499 dolore
1295 1463 1421 1501 affecta
1441 1468 1536 1509 erat,
1558 1476 1666 1512 quae-

433 1524 559 1567 Ruhk.
590 1525 731 1563 mavult
746 1526 880 1574 fucum
891 1526 1032 1574 facere.
1072 1523 1157 1559 dam
1165 1524 1356 1560 detrahere
1366 1530 1402 1561 et
1410 1525 1669 1573 exejusmente

434 1587 522 1623 Utra
553 1586 664 1622 lectio
698 1586 744 1621 sit
775 1584 1014 1632 praeferenda
1025 1611 1036 1629 ‚
1074 1585 1177 1631 quasi
1198 1585 1348 1631 pellere.
1380 1587 1483 1631 Quod
1501 1588 1572 1623 hoc
1588 1588 1670 1625 loco

439 1647 633 1694 utriusque
653 1646 744 1681 dicti
762 1645 956 1693 explicatio
971 1648 1039 1679 sta-
1077 1645 1214 1692 optime
1225 1647 1406 1683 convenit.
1440 1647 1603 1684 Deolarat
1612 1650 1670 1685 Se·

439 1709 508 1744 tim
532 1706 707 1744 ostendet.
1077 1718 1167 1744 neca
1177 1719 1215 1743 se
1225 1706 1370 1743 nullum
1384 1720 1428 1744 ex
1439 1709 1542 1746 malis
1552 1711 1671 1748 celare

495 1771 629 1805 Fucum
639 1770 768 1817 facere
804 1779 838 1804 e.
859 1779 896 1814 g.
918 1765 1039 1802 vultui
1078 1768 1174 1804 velle
1183 1768 1352 1805 Marciam
1359 1770 1457 1814 ,sive
1456 1772 1604 1818 furtum
1605 1774 1670 1821 sa·

440 1830 615 1879 significat
626 1857 637 1876 ‚
673 1830 787 1865 alium
817 1829 853 1865 ei
882 1828 1038 1876 pulcrio·
1078 1842 1153 1865 cere
1184 1829 1263 1877 ejus
1290 1830 1477 1867 affectibus
1486 1859 1497 1877 ‚
1523 1838 1669 1871 contra:

438 1905 520 1930 rem
531 1921 542 1938 ‚
573 1897 617 1928 ut
651 1896 802 1939 putatur
812 1919 824 1937 ,
857 1891 1016 1927 colorem
1026 1918 1037 1936 ,
1078 1892 1227 1939 antiqua
1247 1905 1284 1927 se
1299 1894 1394 1928 mala
1409 1895 1452 1928 in
1469 1897 1671 1932 memoriam

442 1966 554 2002 quam
571 1954 637 2002 qui
656 1966 677 1990 a
692 1958 820 1989 natura
831 1953 935 1990 datus
944 1956 1038 1998 erat,
1078 1955 1154 2003 ejus
1163 1954 1335 1993 reducere.
1360 1955 1549 2004 Subrepere
1563 1969 1671 2004 porro

442 2016 638 2052 obducere.
688 2016 746 2051 Sic
764 2017 899 2064 fucum
912 2017 1039 2064 facere
1080 2020 1117 2051 et
1127 2017 1275 2064 furtum
1286 2018 1412 2065 facere
1432 2018 1567 2065 optime
1588 2030 1670 2055 con·

445 2079 632 2127 affectibue
654 2082 721 2113 est:
744 2078 867 2112 conari
882 2089 941 2113 eos
950 2078 1040 2113 alios
1075 2078 1284 2125 jungimtur
1296 2107 1308 2125 ‚
1337 2091 1521 2128 unamque
1545 2082 1672 2117 consti-

448 2139 635 2175 ostendere
661 2150 772 2187 quam
792 2150 919 2174 revera
938 2143 1040 2174 sunt:
1079 2143 1189 2174 tuunt
1207 2140 1404 2177 notionem.
1452 2141 1617 2189 Denique
1636 2148 1672 2180 et

448 2205 585 2238 moesto
613 2213 646 2238 e.
667 2212 703 2248 g.
734 2204 933 2236 monstrare
964 2200 1043 2248 ejus
1080 2199 1169 2238 alibi
1178 2201 1228 2238 sio
1237 2202 1401 2250 loquitur
1410 2204 1555 2240 Seneca.
1569 2203 1669 2242 conf.

447 2262 590 2299 luctum
605 2275 680 2298 non
697 2266 837 2298 tantum
848 2274 921 2297 esse
931 2274 1041 2310 quan·
1082 2263 1219 2300 Consol.
1249 2264 1296 2300 ad
1324 2265 1486 2300 Helviam
1505 2264 1561 2301 111
1587 2266 1613 2315 §
1632 2267 1670 2304 2.

446 2328 529 2360 tum
556 2324 758 2371 putaverit:
779 2323 890 2369 mala,
912 2324 1044 2370 quihus
1081 2324 1149 2361 Nil
1162 2325 1232 2360 tihi
1246 2326 1403 2362 suhduaei
1415 2337 1458 2360 esc
1468 2326 1572 2362 malie
1582 2329 1672 2375 tuis,

445 2385 636 2434 premitur:
644 2397 718 2421 non
727 2389 825 2422 tanta
836 2386 1042 2423 esseutideo
1079 2388 1141 2423 sed
1170 2389 1290 2423 omnia
1314 2394 1517 2424 coacervata
1537 2397 1617 2426 ante
1638 2396 1671 2425 ee

446 2454 521 2488 tam
531 2438 1039 2485 vehementerdoleredebeat.
1073 2451 1195 2498 posui.
1241 2449 1301 2484 llis
1315 2448 1362 2484 de
1371 2450 1484 2485 causis
1493 2450 1670 2499 legoeum

499 2511 647 2552 Furtum
653 2509 969 2558 sacereaffectihus
979 2522 1039 2547 au·
1079 2511 1200 2558 Lipsio
1213 2512 1358 2558 furtum
1366 2512 1505 2559 facere.
